"session_id","first_event_at","last_event_at","duration_seconds","command_count","login_attempts","file_downloads","ssh_key_injections","commands_per_minute","hour_of_day","day_of_week","vt_flagged","dshield_flagged","risk_score"
"7789086db6a5","2025-10-24 23:41:19.682661+00","2025-10-24 23:41:23.487953+00","3.805292",13,3,0,0,"204.97769947746454","23","5",False,False,100
"de5195d7c8fc","2025-10-24 21:59:19.134765+00","2025-10-24 21:59:34.689273+00","15.554508",20,1,2,1,"77.14805251313638","21","5",False,False,100
"f5d56e414579","2025-10-24 21:41:05.196703+00","2025-10-24 21:41:28.654202+00","23.457499",22,1,1,1,"56.27198364156383","21","5",False,False,100
"632de396bed6","2025-10-24 21:07:56.224802+00","2025-10-24 21:08:17.630471+00","21.405669",22,1,1,1,"61.66590728839168","21","5",False,False,100
"f5e0909f366f","2025-10-24 21:07:53.688676+00","2025-10-24 21:08:16.738336+00","23.049660",20,1,2,1,"52.06150546255346","21","5",False,False,100
"a060ce2b888d","2025-10-24 19:00:35.550945+00","2025-10-24 19:01:01.594049+00","26.043104",20,1,2,1,"46.0774568192793","19","5",False,False,100
"b6e78045b0b9","2025-10-23 22:53:35.33219+00","2025-10-23 22:53:40.452739+00","5.120549",22,1,1,1,"257.7848586157461","22","4",False,False,100
"54ff36501824","2025-10-23 21:01:57.845064+00","2025-10-23 21:02:07.783572+00","9.938508",22,1,1,1,"132.81671655343035","21","4",False,False,100
"0f430b646cad","2025-10-22 21:55:19.166526+00","2025-10-22 21:55:38.7177+00","19.551174",22,1,1,1,"67.51512722458509","21","3",False,False,100
"f1544f9e325a","2025-10-22 21:12:03.499372+00","2025-10-22 21:12:18.401194+00","14.901822",22,1,1,1,"88.57977232582701","21","3",False,False,100
"46b124706e56","2025-10-22 21:08:47.175575+00","2025-10-22 21:08:57.42389+00","10.248315",22,1,1,1,"128.8016615414339","21","3",False,False,100
"85173c461548","2025-10-22 21:06:45.670434+00","2025-10-22 21:06:50.971222+00","5.300788",22,1,1,1,"249.0195797304099","21","3",False,False,100
"a0377e6d8245","2025-10-22 20:40:08.77714+00","2025-10-22 20:40:28.292403+00","19.515263",22,1,1,1,"67.63936514716711","20","3",False,False,100
"27b93e39ab92","2025-10-22 20:38:58.85229+00","2025-10-22 20:39:19.25366+00","20.401370",20,1,2,1,"58.81957927335272","20","3",False,False,100
"93c5cd42d85d","2025-10-22 19:58:58.962322+00","2025-10-22 19:59:22.600619+00","23.638297",22,1,1,1,"55.84158621917645","19","3",False,False,100
"0b59a159b854","2025-10-22 19:49:46.376399+00","2025-10-22 19:49:56.360004+00","9.983605",5,5,1,0,"30.049265771231937","19","3",False,False,100
"bb0c9264eceb","2025-10-20 22:47:42.213123+00","2025-10-20 22:47:54.742417+00","12.529294",22,1,1,1,"105.35310289630046","22","1",False,False,100
"727fa71c67fa","2025-10-20 22:44:03.559072+00","2025-10-20 22:44:14.798074+00","11.239002",22,1,1,1,"117.44815064540428","22","1",False,False,100
"cda323fac4a6","2025-10-20 22:43:49.457412+00","2025-10-20 22:44:01.833069+00","12.375657",22,1,1,1,"106.6610039370031","22","1",False,False,100
"1408aceac26d","2025-10-20 22:30:20.125905+00","2025-10-20 22:30:30.943259+00","10.817354",22,1,1,1,"122.02614428630145","22","1",False,False,100
"f03f62ada20a","2025-10-20 22:18:18.864073+00","2025-10-20 22:18:50.517137+00","31.653064",22,1,1,1,"41.70212400290854","22","1",False,False,100
"6ceade14025a","2025-10-20 22:15:04.015533+00","2025-10-20 22:15:14.777761+00","10.762228",22,1,1,1,"122.65118337950096","22","1",False,False,100
"0a771fbfac7a","2025-10-20 22:10:45.822843+00","2025-10-20 22:10:56.56176+00","10.738917",20,1,2,1,"111.74311152605053","22","1",False,False,100
"78e3de879556","2025-10-20 22:10:02.078892+00","2025-10-20 22:10:12.873034+00","10.794142",22,1,1,1,"122.28855243890621","22","1",False,False,100
"6a0a92b9a71e","2025-10-20 22:09:04.167903+00","2025-10-20 22:09:16.692453+00","12.524550",22,1,1,1,"105.3930081320287","22","1",False,False,100
"fa9a44350031","2025-10-20 21:50:52.900841+00","2025-10-20 21:50:52.963842+00","0.063001",3,2,0,0,"2857.097506388787","21","1",False,False,40
"a75bcab1c12a","2025-10-20 20:44:54.611449+00","2025-10-20 20:45:04.57892+00","9.967471",22,1,1,1,"132.43078409759104","20","1",False,False,100
"b1945c56c423","2025-10-20 20:34:05.848583+00","2025-10-20 20:34:15.894849+00","10.046266",20,1,2,1,"119.44736482191493","20","1",False,False,100
"7f06934f94fc","2025-10-20 20:33:50.995861+00","2025-10-20 20:33:58.471606+00","7.475745",5,3,1,0,"40.12977970757429","20","1",False,False,100
"648fab206ec9","2025-10-20 20:04:01.482269+00","2025-10-20 20:04:30.432848+00","28.950579",10,3,0,0,"20.72497410155424","20","1",False,False,100
"0929e2f19647","2025-10-20 20:03:09.415019+00","2025-10-20 20:03:27.341329+00","17.926310",22,1,1,1,"73.63478596543293","20","1",False,False,100
"68a161f0a5af","2025-10-20 19:49:19.295162+00","2025-10-20 19:49:31.767135+00","12.471973",22,1,1,1,"105.83730416991763","19","1",False,False,100
"a9ce01d6124c","2025-10-20 19:45:16.531849+00","2025-10-20 19:45:35.033736+00","18.501887",20,1,2,1,"64.85824932343387","19","1",False,False,100
"2b559677c342","2025-10-20 18:39:06.343812+00","2025-10-20 18:39:11.360904+00","5.017092",22,1,1,1,"263.1006168513553","18","1",False,False,100
"98f6201a14c7","2025-10-20 18:35:39.344848+00","2025-10-20 18:35:58.194089+00","18.849241",20,1,2,1,"63.66304086196362","18","1",False,False,100
"d46ba23c4541","2025-10-19 23:45:34.211302+00","2025-10-19 23:45:38.833727+00","4.622425",13,5,0,0,"168.74259722980904","23","0",False,False,100
"8ee9d731a71c","2025-10-19 22:00:04.039921+00","2025-10-19 22:00:24.171979+00","20.132058",22,1,1,1,"65.5670672119065","22","0",False,False,100
"2f7889e782c4","2025-10-19 20:42:41.160371+00","2025-10-19 20:43:04.389729+00","23.229358",22,1,1,1,"56.824644056025996","20","0",False,False,100
"67e8b97e4946","2025-10-19 19:24:30.29852+00","2025-10-19 19:24:47.403713+00","17.105193",22,1,1,1,"77.16954728309702","19","0",False,False,100
"9faf7e13716e","2025-10-18 23:59:41.992563+00","2025-10-18 23:59:59.889956+00","17.897393",19,1,1,1,"63.69642774229744","23","6",False,False,60
"01407221434a","2025-10-18 23:53:17.478131+00","2025-10-18 23:53:38.886565+00","21.408434",20,1,2,1,"56.05267531478482","23","6",False,False,100
"f9d0a714e593","2025-10-18 23:51:34.590427+00","2025-10-18 23:52:03.095099+00","28.504672",22,1,1,1,"46.30819817888099","23","6",False,False,100
"77526c9ce72e","2025-10-18 23:48:06.897857+00","2025-10-18 23:48:26.289742+00","19.391885",22,1,1,1,"68.06971060317241","23","6",False,False,100
"00f4e9f86745","2025-10-18 23:45:13.753188+00","2025-10-18 23:45:32.996158+00","19.242970",22,1,1,1,"68.5964796494512","23","6",False,False,100
"fd9c36903b5b","2025-10-18 23:44:16.242894+00","2025-10-18 23:44:46.6048+00","30.361906",22,1,1,1,"43.475531476844694","23","6",False,False,100
"ca7e61ca9dd2","2025-10-18 23:42:18.891131+00","2025-10-18 23:42:30.260656+00","11.369525",22,1,1,1,"116.0998370644332","23","6",False,False,100
"e764c5dc5dbd","2025-10-18 23:42:01.172335+00","2025-10-18 23:42:19.993641+00","18.821306",22,1,1,1,"70.13328405584606","23","6",False,False,100
"250bc1319107","2025-10-18 23:41:51.638955+00","2025-10-18 23:42:12.603326+00","20.964371",22,1,1,1,"62.96396872579673","23","6",False,False,100
"c6abde2639ff","2025-10-18 23:40:41.971676+00","2025-10-18 23:41:04.37704+00","22.405364",22,1,1,1,"58.9144635186467","23","6",False,False,100
"aa385dc42307","2025-10-18 23:36:13.452624+00","2025-10-18 23:36:24.699675+00","11.247051",20,1,2,1,"106.69463488695837","23","6",False,False,100
"7f27398c2d53","2025-10-18 23:34:19.231001+00","2025-10-18 23:34:41.832922+00","22.601921",22,1,1,1,"58.40211546620307","23","6",False,False,100
"7e1a53ffe624","2025-10-18 23:31:53.569021+00","2025-10-18 23:32:06.993216+00","13.424195",22,1,1,1,"98.32991847928312","23","6",False,False,100
"a5917adb55d8","2025-10-18 23:31:27.393495+00","2025-10-18 23:31:37.306173+00","9.912678",22,1,1,1,"133.16280423917735","23","6",False,False,100
"a954dad030b0","2025-10-18 23:19:01.234603+00","2025-10-18 23:19:26.280278+00","25.045675",22,1,1,1,"52.703710321243086","23","6",False,False,100
"3ab821ab8808","2025-10-18 23:17:25.505986+00","2025-10-18 23:17:53.542394+00","28.036408",20,1,2,1,"42.80148869284539","23","6",False,False,100
"7ee3f37cb967","2025-10-18 23:12:12.913614+00","2025-10-18 23:12:35.662547+00","22.748933",20,1,2,1,"52.749726767404866","23","6",False,False,100
"2d1961f931a7","2025-10-18 23:11:56.736179+00","2025-10-18 23:12:08.046295+00","11.310116",22,1,1,1,"116.70967830922335","23","6",False,False,100
"b98e9b7d6717","2025-10-18 22:51:01.502996+00","2025-10-18 22:51:21.148232+00","19.645236",20,1,2,1,"61.08351154447826","22","6",False,False,100
"beec3dd64973","2025-10-18 22:37:26.758796+00","2025-10-18 22:37:46.737119+00","19.978323",20,1,2,1,"60.065101560326156","22","6",False,False,100
"330d377441ce","2025-10-18 22:16:11.248627+00","2025-10-18 22:16:31.04446+00","19.795833",20,1,2,1,"60.618818111872336","22","6",False,False,100
"3623e7f1c985","2025-10-18 21:14:07.283728+00","2025-10-18 21:14:29.758553+00","22.474825",22,1,1,1,"58.73238167594185","21","6",False,False,100
"34f216cf9b76","2025-10-17 23:53:26.779369+00","2025-10-17 23:53:47.657602+00","20.878233",3,1,1,1,"8.621419255163978","23","5",False,False,60
"710123871141","2025-10-17 23:35:12.852669+00","2025-10-17 23:35:20.714651+00","7.861982",3,1,1,1,"22.894990092829012","23","5",False,False,60
"e16a0d28f1d0","2025-10-17 23:33:18.620298+00","2025-10-17 23:33:20.453714+00","1.833416",3,1,1,1,"98.17739127399346","23","5",False,False,60
"ac95d68ce952","2025-10-17 23:30:12.7009+00","2025-10-17 23:30:14.492766+00","1.791866",3,1,1,1,"100.45394019418863","23","5",False,False,60
"82b4d77ae046","2025-10-17 23:24:26.258955+00","2025-10-17 23:24:29.360872+00","3.101917",3,1,1,1,"58.02863197177745","23","5",False,False,60
"19d081739f2a","2025-10-17 23:24:04.671214+00","2025-10-17 23:24:11.14164+00","6.470426",3,1,1,1,"27.818879313355875","23","5",False,False,60
"9f140f935e07","2025-10-17 22:59:59.679585+00","2025-10-17 23:00:49.09074+00","49.411155",22,1,1,1,"26.714615353557306","22","5",False,False,100
"85d301052746","2025-10-17 22:48:54.385154+00","2025-10-17 22:49:18.461622+00","24.076468",22,1,1,1,"54.82531740120685","22","5",False,False,100
"f083bc060150","2025-10-17 22:43:40.989207+00","2025-10-17 22:44:08.852612+00","27.863405",22,1,1,1,"47.37396596001099","22","5",False,False,100
"d9110968e762","2025-10-17 22:42:49.720184+00","2025-10-17 22:42:57.849573+00","8.129389",22,1,1,1,"162.37382661845803","22","5",False,False,100
"8c6e6bb834ed","2025-10-17 22:29:43.281954+00","2025-10-17 22:30:05.347198+00","22.065244",20,1,2,1,"54.384170870714144","22","5",False,False,100
"e7ec0037ff08","2025-10-17 22:24:52.187113+00","2025-10-17 22:24:56.488378+00","4.301265",5,2,1,0,"69.74692328884643","22","5",False,False,100
"71fe9adb1eab","2025-10-17 22:20:44.928356+00","2025-10-17 22:21:06.904484+00","21.976128",22,1,1,1,"60.065176176622195","22","5",False,False,100
"bfceff48a378","2025-10-17 22:10:25.275167+00","2025-10-17 22:10:35.486123+00","10.210956",20,1,2,1,"117.5208276286765","22","5",False,False,100
"778eb8459f0a","2025-10-17 22:02:33.125213+00","2025-10-17 22:02:54.008065+00","20.882852",22,1,1,1,"63.20975698146977","22","5",False,False,100
"fe4eb4e07b6b","2025-10-17 21:58:06.080083+00","2025-10-17 21:58:26.757565+00","20.677482",20,1,2,1,"58.03414555021738","21","5",False,False,100
"9e9cd0247007","2025-10-17 21:57:18.567476+00","2025-10-17 21:57:38.304062+00","19.736586",20,1,2,1,"60.80078895103743","21","5",False,False,100
"62c025a487b7","2025-10-17 21:55:56.065603+00","2025-10-17 21:56:17.128945+00","21.063342",22,1,1,1,"62.66811790835471","21","5",False,False,100
"8df0bcc0991f","2025-10-17 21:53:33.080046+00","2025-10-17 21:53:53.228191+00","20.148145",22,1,1,1,"65.51471611902734","21","5",False,False,100
"877c36c8a889","2025-10-17 21:52:29.169875+00","2025-10-17 21:52:39.329536+00","10.159661",22,1,1,1,"129.92559495833572","21","5",False,False,100
"cbe97eb7869d","2025-10-17 21:50:20.658778+00","2025-10-17 21:50:39.550966+00","18.892188",20,1,2,1,"63.518317730058584","21","5",False,False,100
"312a596739c6","2025-10-17 21:48:59.326791+00","2025-10-17 21:49:07.227684+00","7.900893",20,1,2,1,"151.88156579262622","21","5",False,False,100
"b292091cc1c0","2025-10-17 21:48:49.402012+00","2025-10-17 21:49:11.886966+00","22.484954",22,1,1,1,"58.70592397031366","21","5",False,False,100
"0329dba14450","2025-10-17 21:45:00.888063+00","2025-10-17 21:45:25.688172+00","24.800109",22,1,1,1,"53.22557251663692","21","5",False,False,100
"59fa7f100397","2025-10-17 21:44:23.953432+00","2025-10-17 21:44:41.861749+00","17.908317",22,1,1,1,"73.70876894796982","21","5",False,False,100
"f658648cf984","2025-10-17 21:39:44.293962+00","2025-10-17 21:39:57.412986+00","13.119024",20,1,2,1,"91.47021912605695","21","5",False,False,100
"5d87a2f4c665","2025-10-17 21:39:35.528488+00","2025-10-17 21:39:54.423416+00","18.894928",22,1,1,1,"69.86001746077044","21","5",False,False,100
"c0b8fc349c6d","2025-10-17 21:39:33.063916+00","2025-10-17 21:39:45.540943+00","12.477027",22,1,1,1,"105.79443324118797","21","5",False,False,100
"0b788561544e","2025-10-17 21:35:13.135861+00","2025-10-17 21:35:58.079427+00","44.943566",18,1,1,1,"24.030135926463867","21","5",False,False,100
"d664eddbbea3","2025-10-17 21:32:38.90972+00","2025-10-17 21:33:11.650231+00","32.740511",22,1,1,1,"40.317024984735276","21","5",False,False,100
"b032bb44ad24","2025-10-17 21:31:35.316277+00","2025-10-17 21:31:40.258262+00","4.941985",20,1,2,1,"242.81741041302232","21","5",False,False,100
"ac12416ea5f6","2025-10-17 21:31:34.302211+00","2025-10-17 21:31:53.402723+00","19.100512",22,1,1,1,"69.10809511284306","21","5",False,False,100
"9dc7bf5517a8","2025-10-17 21:31:23.964121+00","2025-10-17 21:31:44.480021+00","20.515900",22,1,1,1,"64.34034090632143","21","5",False,False,100
"e1891b26affa","2025-10-17 21:30:59.282648+00","2025-10-17 21:31:21.355746+00","22.073098",22,1,1,1,"59.801302019317816","21","5",False,False,100
"01ef4a3fa3f0","2025-10-17 21:30:48.70743+00","2025-10-17 21:31:01.927631+00","13.220201",22,1,1,1,"99.84719596925946","21","5",False,False,100
"01c272502452","2025-10-17 21:28:48.835223+00","2025-10-17 21:29:09.139422+00","20.304199",22,1,1,1,"65.01118315477503","21","5",False,False,100
"3612257c4dc9","2025-10-17 21:28:37.74101+00","2025-10-17 21:28:45.770999+00","8.029989",22,1,1,1,"164.38378682710524","21","5",False,False,100
"5a39f6122870","2025-10-17 21:28:30.883671+00","2025-10-17 21:28:41.094109+00","10.210438",22,1,1,1,"129.27946871622942","21","5",False,False,100
"206374d391eb","2025-10-17 21:28:14.827968+00","2025-10-17 21:28:32.890078+00","18.062110",22,1,1,1,"73.0811627212989","21","5",False,False,100
"1be234e43218","2025-10-17 21:28:04.585345+00","2025-10-17 21:28:26.426956+00","21.841611",22,1,1,1,"60.435102520597034","21","5",False,False,100
"dd448645d5d3","2025-10-17 21:26:10.710073+00","2025-10-17 21:26:31.599478+00","20.889405",22,1,1,1,"63.18992809991476","21","5",False,False,100
"cc2cf013c2fb","2025-10-17 21:25:02.440991+00","2025-10-17 21:25:23.328289+00","20.887298",22,1,1,1,"63.196302365198214","21","5",False,False,100
"4a44bc6c16a4","2025-10-17 21:24:11.585446+00","2025-10-17 21:24:31.652338+00","20.066892",22,1,1,1,"65.77999223796093","21","5",False,False,100
"96e4c297df63","2025-10-17 21:20:48.853892+00","2025-10-17 21:20:58.099922+00","9.246030",22,1,1,1,"142.76397545757476","21","5",False,False,100
"c63c1251a013","2025-10-17 21:20:13.473176+00","2025-10-17 21:20:16.775873+00","3.302697",5,1,1,0,"90.83485406018173","21","5",False,False,100
"817110ec15fa","2025-10-16 23:59:00.854272+00","2025-10-16 23:59:22.660088+00","21.805816",20,1,2,1,"55.0311898440306","23","4",False,False,100
"f9e04d328b92","2025-10-16 23:55:51.185331+00","2025-10-16 23:55:54.757055+00","3.571724",22,1,1,1,"369.5694292168152","23","4",False,False,100
"7492d5c975fd","2025-10-16 23:55:50.600051+00","2025-10-16 23:56:10.177145+00","19.577094",22,1,1,1,"67.42573744601727","23","4",False,False,100
"ac3237c551df","2025-10-16 23:53:28.684624+00","2025-10-16 23:56:29.970409+00","181.285785",3,1,0,1,"0.9929074141141293","23","4",False,False,60
"d8d039e1bb28","2025-10-16 23:52:29.398945+00","2025-10-16 23:52:42.090488+00","12.691543",22,1,1,1,"104.0062662199545","23","4",False,False,100
"8b47fb351d17","2025-10-16 23:50:26.705626+00","2025-10-16 23:50:48.063975+00","21.358349",20,1,2,1,"56.184117976534615","23","4",False,False,100
"198bcc949a9d","2025-10-16 23:49:48.452535+00","2025-10-16 23:50:08.385052+00","19.932517",22,1,1,1,"66.22344784655144","23","4",False,False,100
"94ac2516cfef","2025-10-16 23:49:45.272429+00","2025-10-16 23:49:55.655125+00","10.382696",22,1,1,1,"127.13460935387108","23","4",False,False,100
"436938a79d1d","2025-10-16 23:49:14.471084+00","2025-10-16 23:49:56.258053+00","41.786969",20,1,2,1,"28.717086419931533","23","4",False,False,100
"1a884171f99f","2025-10-16 23:48:25.221099+00","2025-10-16 23:48:46.900323+00","21.679224",20,1,2,1,"55.3525347586242","23","4",False,False,100
"2c8baaa6497f","2025-10-16 23:47:33.027998+00","2025-10-16 23:47:45.939699+00","12.911701",22,1,1,1,"102.23285065228819","23","4",False,False,100
"aa3d33259525","2025-10-16 23:46:10.749916+00","2025-10-16 23:46:39.868732+00","29.118816",4,1,1,1,"8.242093359839906","23","4",False,False,60
"0a739771ab39","2025-10-16 23:42:43.911886+00","2025-10-16 23:43:07.080001+00","23.168115",22,1,1,1,"56.97485531300238","23","4",False,False,100
"b81f303a8b4f","2025-10-16 23:38:51.946104+00","2025-10-16 23:39:04.873461+00","12.927357",22,1,1,1,"102.10903899381752","23","4",False,False,100
"ae1f0b04a4bf","2025-10-16 23:35:17.862574+00","2025-10-16 23:35:41.24563+00","23.383056",22,1,1,1,"56.45113282027807","23","4",False,False,100
"86a2f98d98c6","2025-10-16 23:34:24.571534+00","2025-10-16 23:34:43.470669+00","18.899135",22,1,1,1,"69.84446642663805","23","4",False,False,100
"a277c2405e3c","2025-10-16 23:30:32.151353+00","2025-10-16 23:30:54.120739+00","21.969386",22,1,1,1,"60.08360907309836","23","4",False,False,100
"1e46bc6541a5","2025-10-16 23:30:25.090328+00","2025-10-16 23:30:37.753444+00","12.663116",20,1,2,1,"94.76340578416877","23","4",False,False,100
"6cb02022c75b","2025-10-16 23:30:18.378904+00","2025-10-16 23:30:40.557906+00","22.179002",22,1,1,1,"59.515752782744684","23","4",False,False,100
"b69183d48659","2025-10-16 23:29:59.22805+00","2025-10-16 23:30:21.115845+00","21.887795",22,1,1,1,"60.307582376388304","23","4",False,False,100
"18522bc906e7","2025-10-16 23:28:40.197703+00","2025-10-16 23:28:44.148952+00","3.951249",22,1,1,1,"334.07158091023877","23","4",False,False,100
"a0b694d96847","2025-10-16 23:23:40.91294+00","2025-10-16 23:23:44.499186+00","3.586246",22,1,1,1,"368.07290966654267","23","4",False,False,100
"9fbf01b1531e","2025-10-16 23:23:19.289523+00","2025-10-16 23:23:34.916493+00","15.626970",3,1,1,1,"11.518547741500752","23","4",False,False,60
"2f33a6d11e6e","2025-10-16 23:19:42.011569+00","2025-10-16 23:19:49.888565+00","7.876996",3,1,1,1,"22.851350946477563","23","4",False,False,60
"0d2d760d13b0","2025-10-16 23:03:04.201591+00","2025-10-16 23:03:07.463667+00","3.262076",3,1,1,1,"55.17958502499635","23","4",False,False,60
"0e2f3a920219","2025-10-16 22:56:09.733369+00","2025-10-16 22:56:31.307524+00","21.574155",20,1,2,1,"55.62210895397757","22","4",False,False,100
"8e5a23f0044d","2025-10-16 22:49:47.98422+00","2025-10-16 22:49:51.264054+00","3.279834",3,1,1,1,"54.88082628572056","22","4",False,False,60
"31a02a4a1e40","2025-10-16 22:48:56.640649+00","2025-10-16 22:49:20.559705+00","23.919056",22,1,1,1,"55.18612440223393","22","4",False,False,100
"387c06d25864","2025-10-16 22:42:56.700522+00","2025-10-16 22:43:04.706485+00","8.005963",3,1,1,1,"22.483241553826815","22","4",False,False,60
"a5809ace4a20","2025-10-16 22:36:35.238729+00","2025-10-16 22:36:41.929733+00","6.691004",3,1,1,1,"26.901792316967676","22","4",False,False,60
"a070abc01aa7","2025-10-16 22:34:08.770892+00","2025-10-16 22:34:11.997511+00","3.226619",3,1,1,1,"55.78594807753875","22","4",False,False,60
"a2e9edf0e940","2025-10-16 22:22:04.519036+00","2025-10-16 22:22:12.636936+00","8.117900",3,1,1,1,"22.173222138730463","22","4",False,False,60
"f70665fccbb4","2025-10-16 22:14:55.845964+00","2025-10-16 22:15:02.78008+00","6.934116",3,1,1,1,"25.95860813404333","22","4",False,False,60
"71b39dc310dc","2025-10-16 22:03:55.780867+00","2025-10-16 22:04:02.818436+00","7.037569",3,1,1,1,"25.57701388078753","22","4",False,False,60
"31a141d91304","2025-10-16 21:59:27.537509+00","2025-10-16 21:59:44.793288+00","17.255779",22,1,1,1,"76.49611182433432","21","4",False,False,100
"59d75aa817ce","2025-10-16 21:58:45.105125+00","2025-10-16 21:58:52.331861+00","7.226736",3,1,1,1,"24.907510112449106","21","4",False,False,60
"0d27bcd6822a","2025-10-16 21:56:33.058917+00","2025-10-16 21:56:39.953668+00","6.894751",3,1,1,1,"26.106816620353655","21","4",False,False,60
"2677d19171d0","2025-10-16 21:53:47.200938+00","2025-10-16 21:53:54.632272+00","7.431334",3,1,1,1,"24.221761530298597","21","4",False,False,60
"6300efbf64b3","2025-10-16 21:52:31.854249+00","2025-10-16 21:52:35.967212+00","4.112963",3,1,1,1,"43.764069844537865","21","4",False,False,60
"db99773495c1","2025-10-16 21:51:20.963271+00","2025-10-16 21:51:25.070366+00","4.107095",3,1,1,1,"43.82659763165936","21","4",False,False,60
"a76cec6d4b6c","2025-10-16 21:51:13.863097+00","2025-10-16 21:51:20.755852+00","6.892755",3,1,1,1,"26.114376617187176","21","4",False,False,60
"d560389b190b","2025-10-16 21:50:13.240479+00","2025-10-16 21:50:21.238998+00","7.998519",3,1,1,1,"22.504166083746252","21","4",False,False,60
"e6d8bc9c6c50","2025-10-16 21:48:27.54607+00","2025-10-16 21:48:34.36315+00","6.817080",3,1,1,1,"26.404266929535815","21","4",False,False,60
"33010f437533","2025-10-16 21:47:48.252704+00","2025-10-16 21:47:55.393432+00","7.140728",3,1,1,1,"25.207513855730113","21","4",False,False,60
"71be5b38a931","2025-10-16 21:47:36.392058+00","2025-10-16 21:47:40.495564+00","4.103506",3,1,1,1,"43.864929160576345","21","4",False,False,60
"4af4019ff900","2025-10-16 21:45:41.666452+00","2025-10-16 21:45:49.018943+00","7.352491",3,1,1,1,"24.481498855285917","21","4",False,False,60
"0a98e5bcbe5c","2025-10-16 21:44:30.503184+00","2025-10-16 21:44:32.029258+00","1.526074",5,1,1,0,"196.58286557532597","21","4",False,False,100
"d469160208a3","2025-10-16 21:43:12.954503+00","2025-10-16 21:43:19.758587+00","6.804084",3,1,1,1,"26.45469985379369","21","4",False,False,60
"41edd5607d48","2025-10-16 21:42:15.141339+00","2025-10-16 21:42:24.809755+00","9.668416",22,1,1,1,"136.52701745559975","21","4",False,False,100
"edbfdd20c2d0","2025-10-16 21:39:39.771264+00","2025-10-16 21:41:02.493073+00","82.721809",11,2,0,0,"7.978548921723895","21","4",False,False,60
"c3a664447879","2025-10-16 21:35:32.586257+00","2025-10-16 21:35:55.312928+00","22.726671",22,1,1,1,"58.08153776679391","21","4",False,False,100
"4f16abd0645a","2025-10-16 21:33:29.965701+00","2025-10-16 21:33:49.247329+00","19.281628",22,1,1,1,"68.45894962811231","21","4",False,False,100
"f1d6e7e4e3e7","2025-10-16 21:31:55.775673+00","2025-10-16 21:32:23.906142+00","28.130469",22,1,1,1,"46.92420876452504","21","4",False,False,100
"be338fcb7f45","2025-10-16 21:25:27.502159+00","2025-10-16 21:25:47.102359+00","19.600200",20,1,2,1,"61.2238650626014","21","4",False,False,100
"51bdf33677d2","2025-10-16 21:21:32.599128+00","2025-10-16 21:21:41.327157+00","8.728029",20,1,2,1,"137.48808579806507","21","4",False,False,100
"331bddcf0394","2025-10-16 21:21:05.476226+00","2025-10-16 21:21:24.629638+00","19.153412",20,1,2,1,"62.65202252214906","21","4",False,False,100
"e3289ff1d78a","2025-10-16 21:16:28.70342+00","2025-10-16 21:16:38.451009+00","9.747589",20,1,2,1,"123.10736531874701","21","4",False,False,100
"87866f028fdf","2025-10-16 21:14:05.659673+00","2025-10-16 21:14:27.876649+00","22.216976",20,1,2,1,"54.01275133033406","21","4",False,False,100
"03f2fc6156c2","2025-10-16 21:08:30.826994+00","2025-10-16 21:08:52.361544+00","21.534550",20,1,2,1,"55.724405664385834","21","4",False,False,100
"928ddb8d7c4c","2025-10-16 21:07:35.037302+00","2025-10-16 21:07:54.447406+00","19.410104",20,1,2,1,"61.82347090979008","21","4",False,False,100
"a72bf2d99200","2025-10-16 21:04:02.150656+00","2025-10-16 21:04:11.285419+00","9.134763",20,1,2,1,"131.3662981732531","21","4",False,False,100
"edb6ca30b48c","2025-10-16 21:00:50.322345+00","2025-10-16 21:01:00.082301+00","9.759956",20,1,2,1,"122.95137396111211","21","4",False,False,100
"2b6e71d04236","2025-10-16 20:59:57.489755+00","2025-10-16 21:00:39.666013+00","42.176258",19,1,2,1,"27.029424943293925","20","4",False,False,100
"9faf0cd8c98e","2025-10-16 20:59:37.02013+00","2025-10-16 20:59:56.956719+00","19.936589",20,1,2,1,"60.19083806161626","20","4",False,False,100
"7de9d7f65efc","2025-10-16 20:59:09.477727+00","2025-10-16 20:59:28.171853+00","18.694126",20,1,2,1,"64.19128661056419","20","4",False,False,100
"68603e0a02da","2025-10-16 20:58:53.359656+00","2025-10-16 20:59:02.167969+00","8.808313",22,1,1,1,"149.85843486715333","20","4",False,False,100
"9f3502550afe","2025-10-16 20:58:05.794752+00","2025-10-16 20:58:10.839559+00","5.044807",5,1,1,0,"59.467091605288374","20","4",False,False,100
"43eb58ba6a21","2025-10-16 20:55:18.13759+00","2025-10-16 20:55:21.645559+00","3.507969",13,3,0,0,"222.35088166400558","20","4",False,False,100
"a22ba9366871","2025-10-16 20:53:11.376741+00","2025-10-16 20:53:18.892823+00","7.516082",22,1,1,1,"175.62341656198004","20","4",False,False,100
"f164000e8566","2025-10-16 20:52:16.679469+00","2025-10-16 20:52:26.286265+00","9.606796",22,1,1,1,"137.40273031716296","20","4",False,False,100
"0435b1f0f56d","2025-10-16 20:49:24.067477+00","2025-10-16 20:49:34.115484+00","10.048007",22,1,1,1,"131.36933523235004","20","4",False,False,100
"7d07097c79e9","2025-10-16 20:46:20.653592+00","2025-10-16 20:46:30.982798+00","10.329206",20,1,2,1,"116.17543497535048","20","4",False,False,100
"e2cfc96c56ae","2025-10-16 20:38:40.704964+00","2025-10-16 20:38:53.528841+00","12.823877",22,1,1,1,"102.9329897658875","20","4",False,False,100
"e0d014567544","2025-10-16 20:37:25.019614+00","2025-10-16 20:37:37.283565+00","12.263951",22,1,1,1,"107.63252397208697","20","4",False,False,100
"a1a495b215dc","2025-10-16 20:33:11.766925+00","2025-10-16 20:33:24.610086+00","12.843161",20,1,2,1,"93.43494175616112","20","4",False,False,100
"87a6fe7df5be","2025-10-16 20:32:30.097446+00","2025-10-16 20:32:37.619131+00","7.521685",22,1,1,1,"175.49259241778935","20","4",False,False,100
"8e73a16f41ff","2025-10-16 20:31:39.729057+00","2025-10-16 20:32:01.23836+00","21.509303",22,1,1,1,"61.368794702459674","20","4",False,False,100
"2f4eec927bf5","2025-10-16 20:30:14.890448+00","2025-10-16 20:30:36.872362+00","21.981914",22,1,1,1,"60.04936603791645","20","4",False,False,100
"727bdaab6170","2025-10-16 20:30:07.251524+00","2025-10-16 20:30:17.048001+00","9.796477",20,1,2,1,"122.49301458064976","20","4",False,False,100
"68f865042a9d","2025-10-16 20:27:46.992986+00","2025-10-16 20:27:54.598292+00","7.605306",22,1,1,1,"173.56303612241243","20","4",False,False,100
"f1bce60004f3","2025-10-16 20:23:02.842764+00","2025-10-16 20:23:22.551012+00","19.708248",20,1,2,1,"60.88821289441862","20","4",False,False,100
"e5b5ac9f2689","2025-10-16 20:21:01.632496+00","2025-10-16 20:21:10.409924+00","8.777428",22,1,1,1,"150.38573942161645","20","4",False,False,100
"f3571df42736","2025-10-16 20:20:22.01689+00","2025-10-16 20:20:45.149569+00","23.132679",22,1,1,1,"57.06213275168","20","4",False,False,100
"09c2e16541cf","2025-10-16 20:15:54.118592+00","2025-10-16 20:16:13.118265+00","18.999673",22,1,1,1,"69.47487990977528","20","4",False,False,100
"27eb4818c353","2025-10-16 20:10:39.87519+00","2025-10-16 20:10:58.82185+00","18.946660",20,1,2,1,"63.33570138483511","20","4",False,False,100
"08b98f75996a","2025-10-16 20:09:42.2202+00","2025-10-16 20:09:50.893266+00","8.673066",20,1,2,1,"138.359376026886","20","4",False,False,100
"16c89f5de7bf","2025-10-16 20:09:11.135211+00","2025-10-16 20:09:30.285966+00","19.150755",22,1,1,1,"68.92678643740155","20","4",False,False,100
"1c7eb6470aec","2025-10-16 20:08:03.300237+00","2025-10-16 20:08:23.364501+00","20.064264",22,1,1,1,"65.78860804463099","20","4",False,False,100
"e7eaa160a85b","2025-10-16 20:06:55.295661+00","2025-10-16 20:07:02.726606+00","7.430945",20,1,2,1,"161.486863380095","20","4",False,False,100
"18f5b2275ca2","2025-10-16 20:06:39.07007+00","2025-10-16 20:07:31.470066+00","52.399996",22,1,1,1,"25.190841617621498","20","4",False,False,100
"ab8c60a02179","2025-10-16 20:04:49.633909+00","2025-10-16 20:05:13.261992+00","23.628083",22,1,1,1,"55.86572554362536","20","4",False,False,100
"6c0edbcd3a24","2025-10-16 19:59:18.290977+00","2025-10-16 19:59:28.674211+00","10.383234",22,1,1,1,"127.12802196309936","19","4",False,False,100
"0d4b9d19d3d3","2025-10-16 19:58:51.66591+00","2025-10-16 19:59:11.298582+00","19.632672",22,1,1,1,"67.23486237634899","19","4",False,False,100
"405565657adc","2025-10-16 19:56:46.588077+00","2025-10-16 19:57:04.381095+00","17.793018",22,1,1,1,"74.18640277888777","19","4",False,False,100
"a7c5672bf7b9","2025-10-16 19:56:16.677481+00","2025-10-16 19:56:24.508502+00","7.831021",3,1,1,1,"22.985508530752245","19","4",False,False,60
"4462fd2e993b","2025-10-16 19:56:14.617501+00","2025-10-16 19:56:18.286731+00","3.669230",22,1,1,1,"359.74850309192936","19","4",False,False,100
"c156eb9581f4","2025-10-16 19:55:53.355802+00","2025-10-16 19:56:16.098761+00","22.742959",20,1,2,1,"52.76358278621528","19","4",False,False,100
"ee0952eddd25","2025-10-16 19:49:57.05577+00","2025-10-16 19:49:58.498412+00","1.442642",3,1,1,1,"124.7710797273336","19","4",False,False,60
"9f83b2e59b7d","2025-10-16 19:48:53.352408+00","2025-10-16 19:48:57.279032+00","3.926624",3,1,1,1,"45.840905571809266","19","4",False,False,60
"3e50cc91df6b","2025-10-16 19:48:49.655605+00","2025-10-16 19:48:57.674968+00","8.019363",22,1,1,1,"164.60160239659933","19","4",False,False,100
"c166b9968ae7","2025-10-16 19:48:13.770969+00","2025-10-16 19:48:34.442772+00","20.671803",22,1,1,1,"63.855097690317585","19","4",False,False,100
"5a2bad5c118a","2025-10-16 19:47:09.7932+00","2025-10-16 19:47:32.807405+00","23.014205",22,1,1,1,"57.355880857061976","19","4",False,False,100
"cf561b280680","2025-10-16 19:46:59.046179+00","2025-10-16 19:47:06.756319+00","7.710140",3,1,1,1,"23.345879581953117","19","4",False,False,60
"ee52cb35720f","2025-10-16 19:46:37.495273+00","2025-10-16 19:46:45.053284+00","7.558011",3,1,1,1,"23.81578963036704","19","4",False,False,60
"425f3dbbceaf","2025-10-16 19:46:23.012597+00","2025-10-16 19:49:26.120476+00","183.107879",22,1,1,1,"7.208865108420594","19","4",False,False,100
"65568c815e18","2025-10-16 19:46:22.512507+00","2025-10-16 19:46:29.030337+00","6.517830",3,1,1,1,"27.616553362085234","19","4",False,False,60
"eba31cc1641d","2025-10-16 19:45:04.750408+00","2025-10-16 19:45:07.953194+00","3.202786",3,1,1,1,"56.201069943480455","19","4",False,False,60
"4cbffd337e38","2025-10-16 19:44:59.087506+00","2025-10-16 19:45:03.838426+00","4.750920",3,1,1,1,"37.887398651208606","19","4",False,False,60
"274e95952d7d","2025-10-16 19:44:43.440366+00","2025-10-16 19:44:46.01223+00","2.571864",3,1,1,1,"69.9881486734913","19","4",False,False,60
"84a3ee312e6d","2025-10-16 19:43:32.666688+00","2025-10-16 19:43:33.169523+00","0.502835",3,1,1,1,"357.97030835164617","19","4",False,False,60
"a3549ce106f9","2025-10-16 19:43:23.699706+00","2025-10-16 19:43:30.492898+00","6.793192",3,1,1,1,"26.49711652489728","19","4",False,False,60
"c0ef4d5cd05e","2025-10-16 19:42:29.537408+00","2025-10-16 19:42:36.348942+00","6.811534",3,1,1,1,"26.42576547368038","19","4",False,False,60
"edc80d255d41","2025-10-16 19:39:08.467514+00","2025-10-16 19:39:21.276734+00","12.809220",3,1,1,1,"14.052377896546393","19","4",False,False,60
"d9b8c6f5c549","2025-10-16 19:37:27.683006+00","2025-10-16 19:37:37.167721+00","9.484715",20,1,2,1,"126.5193524528676","19","4",False,False,100
"0ba9fbcd2558","2025-10-16 19:36:11.074392+00","2025-10-16 19:36:32.004035+00","20.929643",20,1,2,1,"57.33494833141683","19","4",False,False,100
"e04838ee3119","2025-10-16 19:28:06.71786+00","2025-10-16 19:28:27.993471+00","21.275611",20,1,2,1,"56.40261048202094","19","4",False,False,100
"03fb13e247c0","2025-10-16 19:22:36.487479+00","2025-10-16 19:22:58.387529+00","21.900050",22,1,1,1,"60.273834991244314","19","4",False,False,100
"5768d1d2d985","2025-10-16 19:21:25.372531+00","2025-10-16 19:21:47.193773+00","21.821242",22,1,1,1,"60.49151556084663","19","4",False,False,100
"01e5ab81d399","2025-10-16 19:19:04.300622+00","2025-10-16 19:19:13.493608+00","9.192986",22,1,1,1,"143.58773090701976","19","4",False,False,100
"b8ad234fc2ee","2025-10-16 19:09:37.88438+00","2025-10-16 19:10:02.431891+00","24.547511",22,1,1,1,"53.77327257333748","19","4",False,False,100
"375d818d363c","2025-10-16 19:08:17.309379+00","2025-10-16 19:08:30.500201+00","13.190822",20,1,2,1,"90.97234425572569","19","4",False,False,100
"ea6f5689f15e","2025-10-16 18:57:36.270212+00","2025-10-16 18:57:54.423767+00","18.153555",22,1,1,1,"72.71303058822363","18","4",False,False,100
"55b9a3d2a603","2025-10-16 18:48:01.642415+00","2025-10-16 18:48:15.091256+00","13.448841",20,1,2,1,"89.22701963685941","18","4",False,False,100
"d545c40c5261","2025-10-16 18:46:46.882216+00","2025-10-16 18:46:57.570391+00","10.688175",22,1,1,1,"123.5009718684434","18","4",False,False,100
"fd72c39eca25","2025-10-16 18:43:56.158656+00","2025-10-16 18:44:15.717331+00","19.558675",20,1,2,1,"61.35384937885619","18","4",False,False,100
"280776061d76","2025-10-16 18:36:44.193681+00","2025-10-16 18:36:57.650078+00","13.456397",22,1,1,1,"98.09460883176976","18","4",False,False,100
"2788da549fd2","2025-10-16 18:35:56.439696+00","2025-10-16 18:36:07.063746+00","10.624050",20,1,2,1,"112.9512756434693","18","4",False,False,100
"a26dc72c9fd0","2025-10-16 18:28:25.412488+00","2025-10-16 18:28:35.967771+00","10.555283",20,1,2,1,"113.68714604809745","18","4",False,False,100
"1acec0f25fb1","2025-10-16 18:25:41.927295+00","2025-10-16 18:26:04.473401+00","22.546106",20,1,2,1,"53.224268527789235","18","4",False,False,100
"b2d7b5f04a76","2025-10-16 18:25:36.100389+00","2025-10-16 18:25:43.356724+00","7.256335",6,4,2,0,"49.611821945927254","18","4",False,False,100
"f153fbca5d51","2025-10-16 18:25:18.379879+00","2025-10-16 18:25:31.655159+00","13.275280",22,1,1,1,"99.43293098149343","18","4",False,False,100
"47d09a9f236a","2025-10-16 18:24:42.730199+00","2025-10-16 18:24:58.877285+00","16.147086",20,1,2,1,"74.31681481104391","18","4",False,False,100
"cafbb9d80387","2025-10-16 18:23:42.605003+00","2025-10-16 18:23:53.236453+00","10.631450",22,1,1,1,"124.15992174162508","18","4",False,False,100
"cd4f428a17c5","2025-10-16 18:20:52.499363+00","2025-10-16 18:21:09.007585+00","16.508222",22,1,1,1,"79.96015561215496","18","4",False,False,100
"6e642582b23a","2025-10-16 18:20:47.702839+00","2025-10-16 18:21:05.378455+00","17.675616",22,1,1,1,"74.67915121034537","18","4",False,False,100
"e6e82be6f1f6","2025-10-16 18:17:48.49296+00","2025-10-16 18:17:57.051411+00","8.558451",6,4,2,0,"42.06368652458254","18","4",False,False,100
"8bd88affaf1e","2025-10-15 23:55:23.947458+00","2025-10-15 23:55:43.913011+00","19.965553",22,1,1,1,"66.11387122610628","23","3",False,False,100
"b79d713465f5","2025-10-15 23:53:13.046263+00","2025-10-15 23:53:21.446346+00","8.400083",20,1,2,1,"142.85573130646446","23","3",False,False,100
"39ebb7a7decd","2025-10-15 23:51:10.084151+00","2025-10-15 23:51:22.867631+00","12.783480",20,1,2,1,"93.8711524561387","23","3",False,False,100
"abb7fb01e5f7","2025-10-15 23:50:41.024315+00","2025-10-15 23:50:56.989409+00","15.965094",20,1,2,1,"75.163979617032","23","3",False,False,100
"738439cada85","2025-10-15 23:44:56.693231+00","2025-10-15 23:45:08.0418+00","11.348569",20,1,2,1,"105.74020389707285","23","3",False,False,100
"9f79cb5a5279","2025-10-15 23:43:32.238855+00","2025-10-15 23:43:36.515413+00","4.276558",22,1,1,1,"308.65944060620717","23","3",False,False,100
"e312012b5613","2025-10-15 23:43:22.416603+00","2025-10-15 23:43:43.759458+00","21.342855",22,1,1,1,"61.847395767810816","23","3",False,False,100
"d1364ce5a7d2","2025-10-15 23:37:47.863882+00","2025-10-15 23:38:17.279685+00","29.415803",20,1,2,1,"40.79439884744944","23","3",False,False,100
"a805c6669c24","2025-10-15 23:36:41.365551+00","2025-10-15 23:36:56.642455+00","15.276904",20,1,2,1,"78.54994703115239","23","3",False,False,100
"313a9591c0f7","2025-10-15 23:35:17.495267+00","2025-10-15 23:35:33.932615+00","16.437348",20,1,2,1,"73.00447736459677","23","3",False,False,100
"577fd9a153a8","2025-10-15 23:35:10.197438+00","2025-10-15 23:35:23.643095+00","13.445657",22,1,1,1,"98.17296395408569","23","3",False,False,100
"b4449439362e","2025-10-15 23:34:58.482723+00","2025-10-15 23:35:26.345107+00","27.862384",22,1,1,1,"47.37570194998389","23","3",False,False,100
"f0e7e9154bfe","2025-10-15 23:34:30.324738+00","2025-10-15 23:34:58.264436+00","27.939698",20,1,2,1,"42.94964104479583","23","3",False,False,100
"107b808d2dae","2025-10-15 23:32:19.420035+00","2025-10-15 23:32:27.037194+00","7.617159",20,1,2,1,"157.53905097687996","23","3",False,False,100
"cc7df4d7f111","2025-10-15 23:31:22.992224+00","2025-10-15 23:31:40.206536+00","17.214312",20,1,2,1,"69.70943712417899","23","3",False,False,100
"e1f509dcca98","2025-10-15 23:30:59.542186+00","2025-10-15 23:31:07.125153+00","7.582967",22,1,1,1,"174.07434319574384","23","3",False,False,100
"09510c6b9e9a","2025-10-15 23:30:23.377156+00","2025-10-15 23:30:44.699644+00","21.322488",20,1,2,1,"56.27861063868344","23","3",False,False,100
"caabfba96154","2025-10-15 23:28:27.353871+00","2025-10-15 23:28:43.481162+00","16.127291",22,1,1,1,"81.84883623666244","23","3",False,False,100
"2baefe067969","2025-10-15 23:27:58.167103+00","2025-10-15 23:28:27.744633+00","29.577530",20,1,2,1,"40.571339121285654","23","3",False,False,100
"90f5ef228fc6","2025-10-15 23:27:39.267772+00","2025-10-15 23:27:51.838001+00","12.570229",22,1,1,1,"105.01002010385014","23","3",False,False,100
"42738f73c62f","2025-10-15 23:27:00.270344+00","2025-10-15 23:27:17.686893+00","17.416549",22,1,1,1,"75.78998571990351","23","3",False,False,100
"9284444b9895","2025-10-15 23:26:54.109801+00","2025-10-15 23:27:01.544392+00","7.434591",20,1,2,1,"161.40766855903706","23","3",False,False,100
"d6d68ea98bdb","2025-10-15 23:25:46.974634+00","2025-10-15 23:25:51.102215+00","4.127581",20,1,2,1,"290.72718379118425","23","3",False,False,100
"03631c56e4e2","2025-10-15 23:12:02.006118+00","2025-10-15 23:12:06.608986+00","4.602868",22,1,1,1,"286.777722063722","23","3",False,False,100
"5801dc071012","2025-10-15 23:05:19.246142+00","2025-10-15 23:05:30.527935+00","11.281793",22,1,1,1,"117.00267856359356","23","3",False,False,100
"5bc56f791968","2025-10-15 23:04:25.09296+00","2025-10-15 23:04:29.76017+00","4.667210",20,1,2,1,"257.11292185267","23","3",False,False,100
"eac36e771687","2025-10-15 22:33:15.220016+00","2025-10-15 22:33:31.021852+00","15.801836",20,1,2,1,"75.94054260530231","22","3",False,False,100
"269b1d6b9252","2025-10-15 22:31:00.615623+00","2025-10-15 22:31:05.434548+00","4.818925",22,1,1,1,"273.92001328097035","22","3",False,False,100
"956179f0c5ac","2025-10-15 22:30:52.277703+00","2025-10-15 22:31:02.570877+00","10.293174",22,1,1,1,"128.24032703615035","22","3",False,False,100
"c5c00870a281","2025-10-15 21:15:17.104542+00","2025-10-15 21:15:31.559742+00","14.455200",20,1,2,1,"83.01510874979246","21","3",False,False,100
"8f216a5b6016","2025-10-15 20:22:52.281673+00","2025-10-15 20:23:14.333698+00","22.052025",20,1,2,1,"54.41677124889891","20","3",False,False,100
"d1e925d34d1e","2025-10-15 20:22:29.021276+00","2025-10-15 20:22:47.672211+00","18.650935",20,1,2,1,"64.33993791732158","20","3",False,False,100
"79343b9d20fe","2025-10-15 20:01:01.813487+00","2025-10-15 20:01:23.947733+00","22.134246",22,1,1,1,"59.63609512607748","20","3",False,False,100
"e5f04a0d6f93","2025-10-15 19:08:56.508528+00","2025-10-15 19:09:17.448217+00","20.939689",20,1,2,1,"57.307441385590785","19","3",False,False,100
"b3830bf38e28","2025-10-15 18:07:38.749779+00","2025-10-15 18:07:41.871163+00","3.121384",13,2,0,0,"249.8891517352559","18","3",False,False,100
"c15b17bceeba","2025-10-14 23:47:25.2115+00","2025-10-14 23:47:46.960763+00","21.749263",22,1,1,1,"60.691711714553264","23","2",False,False,100
"5425965508c6","2025-10-14 23:43:43.323949+00","2025-10-14 23:44:14.894002+00","31.570053",10,3,0,0,"19.005352952685886","23","2",False,False,100
"c485a22fa5c8","2025-10-14 23:30:09.215571+00","2025-10-14 23:30:29.022858+00","19.807287",20,1,2,1,"60.58376394505719","23","2",False,False,100
"af62d62fb249","2025-10-14 23:25:51.769464+00","2025-10-14 23:26:11.282486+00","19.513022",22,1,1,1,"67.64713328360926","23","2",False,False,100
"b290de1eafb8","2025-10-14 23:22:44.203842+00","2025-10-14 23:22:56.322559+00","12.118717",22,1,1,1,"108.9224214081408","23","2",False,False,100
"377ebceee039","2025-10-14 23:11:26.419495+00","2025-10-14 23:11:46.008781+00","19.589286",20,1,2,1,"61.257975405535454","23","2",False,False,100
"52f7304ba678","2025-10-14 23:09:00.351282+00","2025-10-14 23:09:19.846622+00","19.495340",22,1,1,1,"67.7084882848927","23","2",False,False,100
"71620317ab1c","2025-10-14 23:05:18.215285+00","2025-10-14 23:05:29.352192+00","11.136907",22,1,1,1,"118.52482920078259","23","2",False,False,100
"d2be5109aff7","2025-10-14 23:04:48.965096+00","2025-10-14 23:05:14.570558+00","25.605462",22,1,1,1,"51.55150100396548","23","2",False,False,100
"27c3b8f95ae4","2025-10-14 23:00:37.543576+00","2025-10-14 23:00:57.233664+00","19.690088",22,1,1,1,"67.03880653047361","23","2",False,False,100
"afead44e1790","2025-10-14 22:57:11.637939+00","2025-10-14 22:57:32.208991+00","20.571052",20,1,2,1,"58.334401176954884","22","2",False,False,100
"92fda1fcec1f","2025-10-14 22:51:08.82488+00","2025-10-14 22:52:38.783909+00","89.959029",18,1,2,1,"12.005465287981265","22","2",False,False,100
"eb9445522abd","2025-10-14 22:49:13.857661+00","2025-10-14 22:49:37.893735+00","24.036074",20,1,2,1,"49.924958626770746","22","2",False,False,100
"06fbdaee868d","2025-10-14 22:48:47.610914+00","2025-10-14 22:49:09.459055+00","21.848141",20,1,2,1,"54.924581455236854","22","2",False,False,100
"94f81344ba16","2025-10-14 22:48:12.722301+00","2025-10-14 22:48:26.509393+00","13.787092",22,1,1,1,"95.74172711692937","22","2",False,False,100
"7f6df5261be0","2025-10-14 22:47:14.79659+00","2025-10-14 22:50:17.089935+00","182.293345",5,1,1,1,"1.645699133997459","22","2",False,False,60
"fb84e66674db","2025-10-14 22:45:09.948759+00","2025-10-14 22:48:12.123661+00","182.174902",12,1,1,1,"3.9522458477842353","22","2",False,False,60
"f74a99f3ea77","2025-10-14 22:44:37.605088+00","2025-10-14 22:44:57.114166+00","19.509078",20,1,2,1,"61.50982634853375","22","2",False,False,100
"972a3086944b","2025-10-14 22:42:53.707398+00","2025-10-14 22:43:04.743252+00","11.035854",22,1,1,1,"119.61013619788736","22","2",False,False,100
"7de9bbd5f620","2025-10-14 22:42:27.229261+00","2025-10-14 22:42:39.181215+00","11.951954",22,1,1,1,"110.44219213025752","22","2",False,False,100
"674758d3947a","2025-10-14 22:42:09.766433+00","2025-10-14 22:42:29.063455+00","19.297022",22,1,1,1,"68.40433720809355","22","2",False,False,100
"449b2e8c5b10","2025-10-14 22:11:26.589308+00","2025-10-14 22:11:45.566601+00","18.977293",22,1,1,1,"69.55681192254343","22","2",False,False,100
"dab5beaccb34","2025-10-14 22:08:11.533818+00","2025-10-14 22:08:34.554652+00","23.020834",22,1,1,1,"57.33936485533061","22","2",False,False,100
"d446e041cc00","2025-10-14 22:06:59.842553+00","2025-10-14 22:07:16.595901+00","16.753348",22,1,1,1,"78.79022151273882","22","2",False,False,100
"b0bfb4cd4690","2025-10-14 22:03:57.512891+00","2025-10-14 22:04:20.417652+00","22.904761",20,1,2,1,"52.3908544603456","22","2",False,False,100
"79c950fe31f3","2025-10-14 22:01:35.098076+00","2025-10-14 22:01:54.865312+00","19.767236",22,1,1,1,"66.77716601349829","22","2",False,False,100
"100e56af2162","2025-10-14 21:45:38.014978+00","2025-10-14 21:45:49.16112+00","11.146142",20,1,2,1,"107.66056990840418","21","2",False,False,100
"9c161a38273d","2025-10-14 21:39:51.95787+00","2025-10-14 21:40:13.906821+00","21.948951",20,1,2,1,"54.672316686114065","21","2",False,False,100
"1aab62680086","2025-10-14 21:36:39.322972+00","2025-10-14 21:36:57.421001+00","18.098029",20,1,2,1,"66.30556288753874","21","2",False,False,100
"0881a206cbf8","2025-10-14 21:36:15.508649+00","2025-10-14 21:36:27.558051+00","12.049402",20,1,2,1,"99.59000454960338","21","2",False,False,100
"567c2f779a75","2025-10-14 21:36:01.023578+00","2025-10-14 21:36:20.208736+00","19.185158",22,1,1,1,"68.80318629640684","21","2",False,False,100
"c5dcba720f69","2025-10-14 21:29:57.639616+00","2025-10-14 21:30:18.757688+00","21.118072",22,1,1,1,"62.50570601331409","21","2",False,False,100
"d3241fd40fc1","2025-10-14 21:29:36.242023+00","2025-10-14 21:29:54.781446+00","18.539423",22,1,1,1,"71.19962687080391","21","2",False,False,100
"154d7e40231b","2025-10-14 21:28:09.159717+00","2025-10-14 21:28:31.184852+00","22.025135",22,1,1,1,"59.93152822899837","21","2",False,False,100
"a7de466ce653","2025-10-14 21:26:27.643665+00","2025-10-14 21:29:46.3738+00","198.730135",6,2,0,0,"1.811501813753611","21","2",False,False,80
"b0a6f33871d7","2025-10-14 21:23:55.246897+00","2025-10-14 21:24:17.113961+00","21.867064",22,1,1,1,"60.364756786736436","21","2",False,False,100
"61df17f9a115","2025-10-14 21:23:47.892512+00","2025-10-14 21:23:59.098332+00","11.205820",22,1,1,1,"117.79593104297588","21","2",False,False,100
"19aa4e83822c","2025-10-14 21:23:21.633474+00","2025-10-14 21:23:47.469046+00","25.835572",22,1,1,1,"51.09234662967787","21","2",False,False,100
"2b7a147a4129","2025-10-14 21:22:23.777102+00","2025-10-14 21:22:45.303971+00","21.526869",22,1,1,1,"61.31871755246897","21","2",False,False,100
"e74ada6e9f42","2025-10-14 21:22:13.310215+00","2025-10-14 21:22:39.197866+00","25.887651",22,1,1,1,"50.98956255243088","21","2",False,False,100
"784a68457a39","2025-10-14 21:21:01.668402+00","2025-10-14 21:21:13.291863+00","11.623461",20,1,2,1,"103.23947402585169","21","2",False,False,100
"682c75f845bb","2025-10-14 21:20:30.805937+00","2025-10-14 21:20:51.333665+00","20.527728",22,1,1,1,"64.3032682428372","21","2",False,False,100
"15e3756f8793","2025-10-14 21:20:08.183356+00","2025-10-14 21:20:29.799545+00","21.616189",20,1,2,1,"55.51394836527382","21","2",False,False,100
"1109272b01a4","2025-10-14 21:20:05.942463+00","2025-10-14 21:20:31.742918+00","25.800455",22,1,1,1,"51.16188842406074","21","2",False,False,100
"3fff461011ce","2025-10-14 21:18:47.937931+00","2025-10-14 21:19:10.139314+00","22.201383",22,1,1,1,"59.455755526581385","21","2",False,False,100
"60fdcc9f3f3b","2025-10-13 23:44:33.073529+00","2025-10-13 23:44:55.145561+00","22.072032",20,1,2,1,"54.36744564342784","23","1",False,False,100
"611dd0d16551","2025-10-13 23:43:52.655092+00","2025-10-13 23:44:05.985464+00","13.330372",20,1,2,1,"90.01999344054315","23","1",False,False,100
"c8f67ca77d72","2025-10-13 23:43:04.240699+00","2025-10-13 23:43:27.716905+00","23.476206",20,1,2,1,"51.11558486068831","23","1",False,False,100
"18f32be20df8","2025-10-13 23:37:23.677337+00","2025-10-13 23:37:32.766778+00","9.089441",22,1,1,1,"145.22345213528533","23","1",False,False,100
"a502582e3128","2025-10-13 23:35:47.864302+00","2025-10-13 23:36:09.960824+00","22.096522",22,1,1,1,"59.737908074401936","23","1",False,False,100
"264949a9c417","2025-10-13 23:32:19.325142+00","2025-10-13 23:32:33.09174+00","13.766598",22,1,1,1,"95.8842555001606","23","1",False,False,100
"f8b7692ae1ec","2025-10-13 23:30:22.126219+00","2025-10-13 23:30:41.791422+00","19.665203",22,1,1,1,"67.1236396593516","23","1",False,False,100
"ec114a69e3d1","2025-10-13 23:29:33.415426+00","2025-10-13 23:29:46.785248+00","13.369822",22,1,1,1,"98.72981106255565","23","1",False,False,100
"f779cb5ffb21","2025-10-13 23:27:55.107486+00","2025-10-13 23:28:15.061352+00","19.953866",22,1,1,1,"66.1525941890158","23","1",False,False,100
"c61f54d55568","2025-10-13 23:27:42.499473+00","2025-10-13 23:30:44.043885+00","181.544412",3,1,1,1,"0.9914929246073407","23","1",False,False,60
"fb2678c51018","2025-10-13 23:26:43.735158+00","2025-10-13 23:27:08.095016+00","24.359858",20,1,2,1,"49.2613708996169","23","1",False,False,100
"c19416c8e0c2","2025-10-13 23:25:16.926246+00","2025-10-13 23:25:38.766265+00","21.840019",22,1,1,1,"60.439507859402504","23","1",False,False,100
"a8d99cbc290f","2025-10-13 23:25:15.112344+00","2025-10-13 23:25:23.321389+00","8.209045",22,1,1,1,"160.7982414519594","23","1",False,False,100
"355fa4406fed","2025-10-13 23:24:17.318285+00","2025-10-13 23:24:49.588511+00","32.270226",22,1,1,1,"40.904578728391925","23","1",False,False,100
"608c606cf387","2025-10-13 23:21:12.222407+00","2025-10-13 23:21:21.492085+00","9.269678",22,1,1,1,"142.39976836304348","23","1",False,False,100
"991c9cc8e6ab","2025-10-13 23:20:05.760865+00","2025-10-13 23:20:19.659427+00","13.898562",22,1,1,1,"94.97385412965744","23","1",False,False,100
"f3c0cad2be29","2025-10-13 23:18:01.339925+00","2025-10-13 23:18:27.136821+00","25.796896",22,1,1,1,"51.16894683763503","23","1",False,False,100
"dd6b0136be8d","2025-10-13 23:15:54.459878+00","2025-10-13 23:16:14.170874+00","19.710996",20,1,2,1,"60.87972419049753","23","1",False,False,100
"23d6ab5960cf","2025-10-13 23:15:21.786093+00","2025-10-13 23:15:41.711006+00","19.924913",20,1,2,1,"60.226109895686875","23","1",False,False,100
"fac3bf92d4e9","2025-10-13 23:11:02.567136+00","2025-10-13 23:11:29.298315+00","26.731179",20,1,2,1,"44.89139816840851","23","1",False,False,100
"f829920dee28","2025-10-13 23:10:53.170734+00","2025-10-13 23:11:14.568374+00","21.397640",20,1,2,1,"56.08095098337947","23","1",False,False,100
"f9dc1bc80ad5","2025-10-13 23:09:53.507702+00","2025-10-13 23:10:13.192241+00","19.684539",22,1,1,1,"67.05770452637982","23","1",False,False,100
"94e6e7e14a78","2025-10-13 23:08:29.844426+00","2025-10-13 23:08:38.784119+00","8.939693",22,1,1,1,"147.65607722770793","23","1",False,False,100
"8236508ffcbc","2025-10-13 23:05:08.175577+00","2025-10-13 23:05:27.367703+00","19.192126",20,1,2,1,"62.52564202631849","23","1",False,False,100
"a4dcdc9ed698","2025-10-13 23:04:50.987434+00","2025-10-13 23:05:09.216182+00","18.228748",22,1,1,1,"72.41309167256028","23","1",False,False,100
"51e9a58006db","2025-10-13 23:02:55.741469+00","2025-10-13 23:03:17.661159+00","21.919690",22,1,1,1,"60.21982975124192","23","1",False,False,100
"5aef5cb41003","2025-10-13 23:02:49.108983+00","2025-10-13 23:03:03.194394+00","14.085411",20,1,2,1,"85.19453212973339","23","1",False,False,100
"34ab99fbd490","2025-10-13 23:02:06.583404+00","2025-10-13 23:02:15.612071+00","9.028667",22,1,1,1,"146.20098404338094","23","1",False,False,100
"8451feb85106","2025-10-13 23:00:14.607706+00","2025-10-13 23:00:23.709016+00","9.101310",20,1,2,1,"131.84915138589938","23","1",False,False,100
"f97a7b625656","2025-10-13 22:59:59.315194+00","2025-10-13 23:00:17.349031+00","18.033837",20,1,2,1,"66.54157958730579","22","1",False,False,100
"c1d2e4c44b59","2025-10-13 22:59:56.297494+00","2025-10-13 23:00:18.076544+00","21.779050",20,1,2,1,"55.09882203310062","22","1",False,False,100
"27488617661b","2025-10-13 22:57:15.865096+00","2025-10-13 22:57:46.348386+00","30.483290",22,1,1,1,"43.30241256767232","22","1",False,False,100
"51e2bb1a6e9e","2025-10-13 22:56:55.930067+00","2025-10-13 22:57:26.850076+00","30.920009",20,1,2,1,"38.80982052754254","22","1",False,False,100
"cd479d20efbb","2025-10-13 22:56:20.369062+00","2025-10-13 22:56:42.880551+00","22.511489",22,1,1,1,"58.636725451612726","22","1",False,False,100
"1aee48c56c50","2025-10-13 22:55:44.192829+00","2025-10-13 22:56:05.881531+00","21.688702",20,1,2,1,"55.32834560592884","22","1",False,False,100
"24eda08de8da","2025-10-13 22:54:10.769471+00","2025-10-13 22:54:32.822116+00","22.052645",22,1,1,1,"59.85676548096612","22","1",False,False,100
"c9265963da5f","2025-10-13 22:52:52.960677+00","2025-10-13 22:53:10.610643+00","17.649966",20,1,2,1,"67.98879952516623","22","1",False,False,100
"ff3a0894e5ad","2025-10-13 22:43:36.753325+00","2025-10-13 22:43:54.344434+00","17.591109",20,1,2,1,"68.21627903050342","22","1",False,False,100
"1f91dab1f4ad","2025-10-13 22:43:07.921494+00","2025-10-13 22:43:22.064218+00","14.142724",20,1,2,1,"84.84928363163985","22","1",False,False,100
"444a79c6eff5","2025-10-13 22:42:34.291913+00","2025-10-13 22:42:52.120178+00","17.828265",22,1,1,1,"74.03973409639133","22","1",False,False,100
"8a2c96cdbd49","2025-10-13 22:39:46.00508+00","2025-10-13 22:39:53.185368+00","7.180288",3,1,1,1,"25.068632344552196","22","1",False,False,60
"d9fa981bc94a","2025-10-13 22:29:43.855433+00","2025-10-13 22:29:49.982822+00","6.127389",3,1,1,1,"29.376297147120905","22","1",False,False,60
"ba426778b975","2025-10-13 22:25:33.453871+00","2025-10-13 22:25:35.393855+00","1.939984",3,1,1,1,"92.78427038573514","22","1",False,False,60
"15352d36f719","2025-10-13 21:58:05.656716+00","2025-10-13 21:58:11.733608+00","6.076892",3,1,1,1,"29.620404641056645","21","1",False,False,60
"63cc3f320fbd","2025-10-13 21:05:59.792586+00","2025-10-13 21:06:01.768225+00","1.975639",3,1,1,1,"91.1097624616643","21","1",False,False,60
"1724457f9230","2025-10-13 21:05:05.415477+00","2025-10-13 21:05:14.801132+00","9.385655",3,1,1,1,"19.17820333263901","21","1",False,False,60
"9d8f1451ee3d","2025-10-13 20:48:14.22952+00","2025-10-13 20:48:20.741952+00","6.512432",3,1,1,1,"27.63944406636415","20","1",False,False,60
"d749d8bd248c","2025-10-13 20:48:08.923787+00","2025-10-13 20:48:16.487657+00","7.563870",3,1,1,1,"23.797341836916818","20","1",False,False,60
"03e9177f0500","2025-10-13 20:42:54.501945+00","2025-10-13 20:43:01.792855+00","7.290910",3,1,1,1,"24.688276223406955","20","1",False,False,60
"616d3d9691e1","2025-10-13 20:31:30.518035+00","2025-10-13 20:31:37.029154+00","6.511119",3,1,1,1,"27.645017699722583","20","1",False,False,60
"3ca33d1c1028","2025-10-13 20:24:21.945317+00","2025-10-13 20:24:37.216654+00","15.271337",3,1,1,1,"11.786787234149832","20","1",False,False,60
"b1d9e1dcac49","2025-10-13 20:16:04.72851+00","2025-10-13 20:16:31.115222+00","26.386712",20,1,2,1,"45.47743576387994","20","1",False,False,100
"d9d7714d6439","2025-10-13 20:07:15.386907+00","2025-10-13 20:07:22.682112+00","7.295205",3,1,1,1,"24.67374117656735","20","1",False,False,60
"89a2b18b7ae5","2025-10-13 20:03:17.016704+00","2025-10-13 20:03:25.258149+00","8.241445",3,1,1,1,"21.840830097149222","20","1",False,False,60
"7ee7ec829c68","2025-10-13 19:59:38.55993+00","2025-10-13 19:59:54.516429+00","15.956499",3,1,1,1,"11.280670026676905","19","1",False,False,60
"af8cadfac087","2025-10-13 19:39:41.350912+00","2025-10-13 19:39:47.083664+00","5.732752",3,1,1,1,"31.398532502365352","19","1",False,False,60
"c455560e4c49","2025-10-13 19:34:56.206733+00","2025-10-13 19:35:04.614513+00","8.407780",3,1,1,1,"21.40874285483207","19","1",False,False,60
"6e354af39fd2","2025-10-13 19:25:03.958295+00","2025-10-13 19:25:14.211838+00","10.253543",3,1,1,1,"17.554907606083088","19","1",False,False,60
"4f9fdf2d57a1","2025-10-13 19:24:50.98032+00","2025-10-13 19:24:58.551129+00","7.570809",3,1,1,1,"23.775530461804017","19","1",False,False,60
"7d3cf5d7af8d","2025-10-13 19:24:09.279594+00","2025-10-13 19:24:17.575363+00","8.295769",3,1,1,1,"21.69780764146157","19","1",False,False,60
"fc0d5c8fc39f","2025-10-13 19:23:39.956403+00","2025-10-13 19:23:47.758155+00","7.801752",3,1,1,1,"23.071740808987517","19","1",False,False,60
"93b53792c43d","2025-10-13 19:21:06.297927+00","2025-10-13 19:21:13.661107+00","7.363180",3,1,1,1,"24.445959490328907","19","1",False,False,60
"090f3870716b","2025-10-13 19:19:29.702468+00","2025-10-13 19:19:49.037668+00","19.335200",20,1,2,1,"62.06297323017088","19","1",False,False,100
"78932140a736","2025-10-13 19:18:26.241058+00","2025-10-13 19:18:39.411221+00","13.170163",20,1,2,1,"91.11504542502625","19","1",False,False,100
"4ff0e6e24e3b","2025-10-13 19:17:39.170196+00","2025-10-13 19:18:04.982423+00","25.812227",20,1,2,1,"46.48959580279532","19","1",False,False,100
"aea551bf851b","2025-10-13 19:17:34.388041+00","2025-10-13 19:17:54.979955+00","20.591914",22,1,1,1,"64.10283182029606","19","1",False,False,100
"a6028cd742af","2025-10-13 19:15:47.879466+00","2025-10-13 19:16:14.184811+00","26.305345",20,1,2,1,"45.61810536984024","19","1",False,False,100
"ea2b6ec8ace3","2025-10-13 19:15:05.047037+00","2025-10-13 19:15:22.648035+00","17.600998",20,1,2,1,"68.17795218202967","19","1",False,False,100
"31fe67129465","2025-10-13 19:13:16.271124+00","2025-10-13 19:13:37.64113+00","21.370006",22,1,1,1,"61.76881747248924","19","1",False,False,100
"87148a37999f","2025-10-13 19:11:40.863363+00","2025-10-13 19:11:52.013996+00","11.150633",22,1,1,1,"118.37892969843058","19","1",False,False,100
"86263076a96a","2025-10-13 19:11:23.583365+00","2025-10-13 19:11:47.581631+00","23.998266",22,1,1,1,"55.00397403712418","19","1",False,False,100
"b77f45a8efe3","2025-10-13 19:10:18.408009+00","2025-10-13 19:10:38.671495+00","20.263486",20,1,2,1,"59.21982032114316","19","1",False,False,100
"b9d8d77eaa7f","2025-10-13 18:48:29.536068+00","2025-10-13 18:48:40.814642+00","11.278574",20,1,2,1,"106.39642919397434","18","1",False,False,100
"a21ee731f6a3","2025-10-13 18:47:59.228014+00","2025-10-13 18:48:06.771234+00","7.543220",3,1,1,1,"23.86248843332158","18","1",False,False,60
"835ee8f751e2","2025-10-13 18:45:15.998095+00","2025-10-13 18:46:54.960344+00","98.962249",17,1,2,1,"10.306960586556597","18","1",False,False,100
"2e4c9d88b82b","2025-10-13 18:32:13.526379+00","2025-10-13 18:32:21.81101+00","8.284631",3,1,1,1,"21.726978546177858","18","1",False,False,60
"fbc7c28f1d8e","2025-10-13 18:24:14.773819+00","2025-10-13 18:24:21.564019+00","6.790200",3,1,1,1,"26.50879208270743","18","1",False,False,60
"815152cb202a","2025-10-13 18:19:52.642472+00","2025-10-13 18:19:59.022292+00","6.379820",3,1,1,1,"28.213962149402334","18","1",False,False,60
"98940e06eab7","2025-10-13 18:04:10.533793+00","2025-10-13 18:04:13.127104+00","2.593311",3,1,1,1,"69.40933810098365","18","1",False,False,60
"3e295e96a20c","2025-10-13 18:04:08.896333+00","2025-10-13 18:04:17.227574+00","8.331241",3,1,1,1,"21.605424690031175","18","1",False,False,60
"2f05a0861dc1","2025-10-13 17:53:44.615492+00","2025-10-13 17:53:48.24677+00","3.631278",3,1,1,1,"49.569325179730114","17","1",False,False,60
"ad1daea3bbee","2025-10-13 17:51:17.481325+00","2025-10-13 17:51:25.400501+00","7.919176",3,1,1,1,"22.729637527944828","17","1",False,False,60
"11b8f076fbef","2025-10-13 17:50:36.648697+00","2025-10-13 17:50:46.033086+00","9.384389",3,1,1,1,"19.180790566119967","17","1",False,False,60
"9be40febc4f8","2025-10-13 17:46:00.410764+00","2025-10-13 17:46:08.762708+00","8.351944",3,1,1,1,"21.551868642797412","17","1",False,False,60
"3b6c0ee3f83a","2025-10-13 17:38:53.984528+00","2025-10-13 17:39:49.273503+00","55.288975",20,1,1,1,"21.70414626062429","17","1",False,False,100
"fd9c6270ea74","2025-10-13 17:38:47.649012+00","2025-10-13 17:38:53.876142+00","6.227130",3,1,1,1,"28.905772000905714","17","1",False,False,60
"c9bd24ee3913","2025-10-13 17:32:52.38497+00","2025-10-13 17:32:54.421498+00","2.036528",3,1,1,1,"88.38572315234556","17","1",False,False,60
"bff5825de8a3","2025-10-13 17:31:19.504395+00","2025-10-13 17:31:21.87683+00","2.372435",3,1,1,1,"75.87141481220772","17","1",False,False,60
"7cff2d53c542","2025-10-13 17:30:17.221081+00","2025-10-13 17:30:21.654236+00","4.433155",3,1,1,1,"40.603137043482576","17","1",False,False,60
"391c25afbb35","2025-10-13 17:29:50.494098+00","2025-10-13 17:29:54.153904+00","3.659806",3,1,1,1,"49.18293483315782","17","1",False,False,60
"82ab038b88e1","2025-10-13 17:29:05.804985+00","2025-10-13 17:29:10.886426+00","5.081441",3,1,1,1,"35.423022721310744","17","1",False,False,60
"576c76af0a9b","2025-10-13 17:28:46.733546+00","2025-10-13 17:28:50.57942+00","3.845874",3,1,1,1,"46.80340541577805","17","1",False,False,60
"a4c68a7acb60","2025-10-13 17:26:24.451403+00","2025-10-13 17:26:28.961353+00","4.509950",3,1,1,1,"39.911750684597386","17","1",False,False,60
"5e2914aa06dd","2025-10-13 17:19:27.611078+00","2025-10-13 17:19:34.038662+00","6.427584",3,1,1,1,"28.004301460704365","17","1",False,False,60
"9f61b9e254d6","2025-10-13 17:15:14.288817+00","2025-10-13 17:15:19.655387+00","5.366570",3,1,1,1,"33.5409768250484","17","1",False,False,60
"e795a3d07ab0","2025-10-13 17:13:09.430285+00","2025-10-13 17:13:13.901247+00","4.470962",3,1,1,1,"40.25979196423499","17","1",False,False,60
"5952ceaca334","2025-10-13 16:58:16.867413+00","2025-10-13 16:58:20.377871+00","3.510458",3,1,1,1,"51.275360650946396","16","1",False,False,60
"c04391cf974d","2025-10-13 16:57:17.389512+00","2025-10-13 16:57:22.154383+00","4.764871",13,4,0,0,"163.69803085959725","16","1",False,False,100
"25dad7b6e228","2025-10-13 16:51:40.887571+00","2025-10-13 16:51:49.671256+00","8.783685",22,1,1,1,"150.27861313332616","16","1",False,False,100
"603088d6dcd1","2025-10-13 16:27:35.089768+00","2025-10-13 16:27:43.733858+00","8.644090",20,1,2,1,"138.82317282675214","16","1",False,False,100
"9e72a45ad6d8","2025-10-13 16:18:32.550719+00","2025-10-13 16:18:49.391538+00","16.840819",20,1,2,1,"71.25544191170276","16","1",False,False,100
"19311f8d5eca","2025-10-13 16:02:53.359356+00","2025-10-13 16:03:14.119739+00","20.760383",20,1,2,1,"57.80240181503395","16","1",False,False,100
"f7e762eee12e","2025-10-13 15:58:22.891183+00","2025-10-13 15:58:32.15833+00","9.267147",22,1,1,1,"142.43865992413848","15","1",False,False,100
"dda5d10493b2","2025-10-13 15:36:01.150861+00","2025-10-13 15:36:22.247676+00","21.096815",22,1,1,1,"62.5686863159202","15","1",False,False,100
"8740d75722e6","2025-10-13 14:47:00.131648+00","2025-10-13 14:47:22.708951+00","22.577303",20,1,2,1,"53.15072398151365","14","1",False,False,100
"abc941452122","2025-10-13 14:26:13.969571+00","2025-10-13 14:26:58.572452+00","44.602881",21,1,0,0,"28.24929627303671","14","1",False,False,100
"197a5e8f3f98","2025-10-13 14:24:29.903323+00","2025-10-13 14:24:49.43579+00","19.532467",20,1,2,1,"61.43617188755521","14","1",False,False,100
"05e17f4af4d0","2025-10-13 14:16:23.621736+00","2025-10-13 14:16:41.843869+00","18.222133",22,1,1,1,"72.43937907817926","14","1",False,False,100
"701a4c5a2a38","2025-10-13 14:15:37.44415+00","2025-10-13 14:16:05.335375+00","27.891225",22,1,1,1,"47.32671297155288","14","1",False,False,100
"9f030d4cb9b4","2025-10-13 14:10:27.1533+00","2025-10-13 14:10:36.185381+00","9.032081",3,1,1,1,"19.9289621074036","14","1",False,False,60
"4c2c0dab9ce4","2025-10-13 14:07:27.80652+00","2025-10-13 14:07:39.463077+00","11.656557",20,1,2,1,"102.94635028164835","14","1",False,False,100
"985062c3a2ba","2025-10-13 14:02:17.577483+00","2025-10-13 14:02:36.182514+00","18.605031",20,1,2,1,"64.49868317875955","14","1",False,False,100
"65329203eb9a","2025-10-13 14:00:45.00446+00","2025-10-13 14:00:57.956799+00","12.952339",20,1,2,1,"92.64735890559999","14","1",False,False,100
"35d1c959e66c","2025-10-13 14:00:31.543036+00","2025-10-13 14:00:44.451207+00","12.908171",20,1,2,1,"92.96437117233727","14","1",False,False,100
"379099b2f68c","2025-10-13 13:58:50.754055+00","2025-10-13 13:59:15.951011+00","25.196956",22,1,1,1,"52.38728043181089","13","1",False,False,100
"d3a9783c04db","2025-10-13 13:58:37.765815+00","2025-10-13 13:58:54.043499+00","16.277684",22,1,1,1,"81.09261735268974","13","1",False,False,100
"78354f331e35","2025-10-13 13:56:44.257984+00","2025-10-13 13:56:53.88844+00","9.630456",20,1,2,1,"124.60469161584872","13","1",False,False,100
"9093d007384b","2025-10-13 13:56:25.236951+00","2025-10-13 13:56:37.47225+00","12.235299",22,1,1,1,"107.88457233452161","13","1",False,False,100
"6f43d5b611a9","2025-10-13 13:56:10.906875+00","2025-10-13 13:56:34.743365+00","23.836490",20,1,2,1,"50.342982544829376","13","1",False,False,100
"18cbda1e4f55","2025-10-13 13:51:46.864939+00","2025-10-13 13:52:03.073074+00","16.208135",20,1,2,1,"74.03689566998301","13","1",False,False,100
"f40889023fe9","2025-10-13 13:51:37.52216+00","2025-10-13 13:51:44.624139+00","7.101979",20,1,2,1,"168.9669879339266","13","1",False,False,100
"8413b3de64d5","2025-10-13 13:48:46.418004+00","2025-10-13 13:48:58.903665+00","12.485661",20,1,2,1,"96.1102499899685","13","1",False,False,100
"cccd411ff51e","2025-10-13 13:47:19.377527+00","2025-10-13 13:47:31.847229+00","12.469702",20,1,2,1,"96.23325401040057","13","1",False,False,100
"f1958599de1a","2025-10-13 13:46:34.084205+00","2025-10-13 13:46:50.041153+00","15.956948",20,1,2,1,"75.20235072521388","13","1",False,False,100
"7daa858470ad","2025-10-13 13:46:27.930486+00","2025-10-13 13:46:47.595372+00","19.664886",20,1,2,1,"61.02247427216207","13","1",False,False,100
"75728fc141d4","2025-10-13 13:38:00.132249+00","2025-10-13 13:38:11.146306+00","11.014057",22,1,1,1,"119.8468466251809","13","1",False,False,100
"201ee9a4641d","2025-10-13 13:18:24.487085+00","2025-10-13 13:18:33.565987+00","9.078902",22,1,1,1,"145.39203088655435","13","1",False,False,100
"c3a2d6479bb4","2025-10-13 13:18:14.059089+00","2025-10-13 13:18:24.588603+00","10.529514",20,1,2,1,"113.96537390044783","13","1",False,False,100
"839f56d9fae3","2025-10-13 12:47:01.933871+00","2025-10-13 12:47:31.181001+00","29.247130",20,1,2,1,"41.02966684252438","12","1",False,False,100
"32000b5ba696","2025-10-13 12:27:12.416412+00","2025-10-13 12:27:22.976191+00","10.559779",22,1,1,1,"125.00261605853682","12","1",False,False,100
"013fbd2e9c30","2025-10-13 12:12:36.763308+00","2025-10-13 12:13:38.687833+00","61.924525",7,1,1,1,"6.782450087424973","12","1",False,False,60
"8771cddd294b","2025-10-13 12:11:49.924585+00","2025-10-13 12:12:53.12228+00","63.197695",22,1,1,1,"20.886837724065725","12","1",False,False,100
"32ba350a5985","2025-10-13 12:08:06.309653+00","2025-10-13 12:08:14.852499+00","8.542846",22,1,1,1,"154.51525170885677","12","1",False,False,100
"58e721aed704","2025-10-13 12:01:31.495381+00","2025-10-13 12:01:45.700664+00","14.205283",22,1,1,1,"92.92317513139302","12","1",False,False,100
"fc2449f10dee","2025-10-13 11:51:38.90847+00","2025-10-13 11:51:54.670342+00","15.761872",22,1,1,1,"83.74639763601684","11","1",False,False,100
"f27cc51b449b","2025-10-13 11:42:32.060467+00","2025-10-13 11:42:52.778316+00","20.717849",22,1,1,1,"63.71317794622405","11","1",False,False,100
"396e07b7a99b","2025-10-13 11:38:34.861208+00","2025-10-13 11:38:52.670283+00","17.809075",22,1,1,1,"74.11951491023537","11","1",False,False,100
"90af57b0cc53","2025-10-13 11:19:22.604014+00","2025-10-13 11:19:30.84261+00","8.238596",22,1,1,1,"160.22147462990054","11","1",False,False,100
"5dcc4a2b5fa6","2025-10-13 10:57:16.830524+00","2025-10-13 10:57:40.245836+00","23.415312",22,1,1,1,"56.373367990996655","10","1",False,False,100
"4ac5a641c9f6","2025-10-13 09:51:33.704882+00","2025-10-13 09:51:57.355106+00","23.650224",22,1,1,1,"55.81342485381957","9","1",False,False,100
"532b17b2cd65","2025-10-13 09:27:02.261431+00","2025-10-13 09:27:12.577953+00","10.316522",20,1,2,1,"116.31827082809498","9","1",False,False,100
"26bc44da0242","2025-10-13 09:23:03.060927+00","2025-10-13 09:23:32.571203+00","29.510276",22,1,1,1,"44.73018144594785","9","1",False,False,100
"f6ad33b43dbb","2025-10-13 09:11:38.844761+00","2025-10-13 09:12:07.411127+00","28.566366",22,1,1,1,"46.20818762876594","9","1",False,False,100
"dee90fe0e142","2025-10-13 08:55:50.234219+00","2025-10-13 08:58:52.267659+00","182.033440",4,1,1,1,"1.3184390736119693","8","1",False,False,60
"61f1d26a7715","2025-10-13 08:53:37.427771+00","2025-10-13 08:53:39.615697+00","2.187926",5,1,1,0,"137.11615475112046","8","1",False,False,100
"c9223161b6da","2025-10-13 08:35:38.059945+00","2025-10-13 08:35:39.112725+00","1.052780",5,1,1,0,"284.9598206652862","8","1",False,False,100
"12f5b68e9149","2025-10-13 08:10:34.172595+00","2025-10-13 08:10:45.440779+00","11.268184",20,1,2,1,"106.4945336355885","8","1",False,False,100
"90939896a74e","2025-10-13 07:33:51.003807+00","2025-10-13 07:34:12.591187+00","21.587380",20,1,2,1,"55.58803337876111","7","1",False,False,100
"3e7a0f646263","2025-10-13 07:22:26.527443+00","2025-10-13 07:22:42.389157+00","15.861714",22,1,1,1,"83.21925360651441","7","1",False,False,100
"a4fe69c6e468","2025-10-13 07:18:09.79202+00","2025-10-13 07:18:37.362133+00","27.570113",22,1,1,1,"47.8779321651674","7","1",False,False,100
"79fac178f570","2025-10-13 07:17:20.161148+00","2025-10-13 07:17:45.46653+00","25.305382",22,1,1,1,"52.162816589767345","7","1",False,False,100
"0af322e06f7f","2025-10-13 07:03:41.759837+00","2025-10-13 07:04:17.508608+00","35.748771",22,1,1,1,"36.924346294310375","7","1",False,False,100
"62199fad95c3","2025-10-13 07:01:31.863113+00","2025-10-13 07:01:42.308499+00","10.445386",22,1,1,1,"126.3715864593228","7","1",False,False,100
"8ca3b3c9046d","2025-10-13 06:59:57.85831+00","2025-10-13 07:00:19.906582+00","22.048272",22,1,1,1,"59.868637324503254","6","1",False,False,100
"5359a17588b7","2025-10-13 06:49:13.826436+00","2025-10-13 06:49:33.291643+00","19.465207",22,1,1,1,"67.81330401469658","6","1",False,False,100
"f3ccca67aa76","2025-10-13 06:37:53.403799+00","2025-10-13 06:38:14.328644+00","20.924845",22,1,1,1,"63.08290455676016","6","1",False,False,100
"ed057d03b357","2025-10-13 06:31:30.091244+00","2025-10-13 06:31:50.889335+00","20.798091",22,1,1,1,"63.46736342292184","6","1",False,False,100
"6c246740e0b5","2025-10-13 06:28:32.000117+00","2025-10-13 06:28:52.029849+00","20.029732",22,1,1,1,"65.90203004213936","6","1",False,False,100
"4bb40688a785","2025-10-13 05:47:37.055949+00","2025-10-13 05:47:55.189845+00","18.133896",20,1,2,1,"66.17441723499462","5","1",False,False,100
"1a67cf716d16","2025-10-13 05:47:11.776743+00","2025-10-13 05:47:32.722636+00","20.945893",20,1,2,1,"57.2904673961621","5","1",False,False,100
"2208ed8c3c36","2025-10-13 05:01:03.819263+00","2025-10-13 05:01:33.288504+00","29.469241",22,1,1,1,"44.79246683007546","5","1",False,False,100
"63311e57d530","2025-10-13 04:59:00.86746+00","2025-10-13 04:59:27.075959+00","26.208499",22,1,1,1,"50.36534141081487","4","1",False,False,100
"2758d6a34009","2025-10-13 04:58:15.007221+00","2025-10-13 05:01:15.936389+00","180.929168",3,1,1,1,"0.9948644654133378","4","1",False,False,60
"4a35c4af59cf","2025-10-13 04:57:53.541401+00","2025-10-13 04:58:23.56524+00","30.023839",22,1,1,1,"43.96506389472712","4","1",False,False,100
"fdbadac35918","2025-10-13 04:48:23.900645+00","2025-10-13 04:48:39.324779+00","15.424134",22,1,1,1,"85.58016936315518","4","1",False,False,100
"6239e1e88880","2025-10-13 04:44:25.030957+00","2025-10-13 04:44:39.410403+00","14.379446",22,1,1,1,"91.79769512678027","4","1",False,False,100
"fa0f0a479f36","2025-10-13 04:19:44.69412+00","2025-10-13 04:19:53.98657+00","9.292450",22,1,1,1,"142.05080468552427","4","1",False,False,100
"6eec6e824579","2025-10-13 04:19:11.639644+00","2025-10-13 04:19:26.14198+00","14.502336",22,1,1,1,"91.01981915189387","4","1",False,False,100
"46f23f529985","2025-10-13 04:18:47.429624+00","2025-10-13 04:19:02.496183+00","15.066559",22,1,1,1,"87.61124554053781","4","1",False,False,100
"a5f8a01954a1","2025-10-13 04:06:02.423928+00","2025-10-13 04:06:12.526333+00","10.102405",22,1,1,1,"130.66195623715342","4","1",False,False,100
"247cc148b1a3","2025-10-13 04:03:13.392043+00","2025-10-13 04:04:44.040109+00","90.648066",22,1,1,1,"14.561810949171273","4","1",False,False,100
"7468c4f511f4","2025-10-13 03:58:48.456691+00","2025-10-13 03:59:04.071526+00","15.614835",22,1,1,1,"84.53499508640341","3","1",False,False,100
"dec04708bfd1","2025-10-13 03:18:09.635366+00","2025-10-13 03:18:30.769691+00","21.134325",22,1,1,1,"62.457637043056735","3","1",False,False,100
"10eff404b576","2025-10-13 03:03:00.609744+00","2025-10-13 03:03:20.005951+00","19.396207",22,1,1,1,"68.05454282891495","3","1",False,False,100
"e38053506c28","2025-10-13 03:00:23.239506+00","2025-10-13 03:00:32.676947+00","9.437441",22,1,1,1,"139.8684240780949","3","1",False,False,100
"a3e01e7f64f9","2025-10-13 02:42:22.144942+00","2025-10-13 02:42:28.245405+00","6.100463",22,1,1,1,"216.3770192524731","2","1",False,False,100
"54c520717456","2025-10-13 02:39:12.411228+00","2025-10-13 02:39:18.289848+00","5.878620",22,1,1,1,"224.54249466711576","2","1",False,False,100
"9e844db28812","2025-10-13 02:36:48.364912+00","2025-10-13 02:36:58.921733+00","10.556821",22,1,1,1,"125.03764154000527","2","1",False,False,100
"fb21a9e1234b","2025-10-13 02:33:52.274752+00","2025-10-13 02:34:12.643008+00","20.368256",22,1,1,1,"64.8067267025709","2","1",False,False,100
"b73da29e90e2","2025-10-13 02:30:17.142082+00","2025-10-13 02:30:34.472074+00","17.329992",22,1,1,1,"76.16852910261008","2","1",False,False,100
"6560891b35dd","2025-10-13 02:28:09.948843+00","2025-10-13 02:28:21.842038+00","11.893195",22,1,1,1,"110.98783800316063","2","1",False,False,100
"d9ba5f811672","2025-10-13 02:23:49.608502+00","2025-10-13 02:24:10.25309+00","20.644588",22,1,1,1,"63.93927551375692","2","1",False,False,100
"29c0bb5a4b6e","2025-10-13 02:23:13.724471+00","2025-10-13 02:23:43.973578+00","30.249107",22,1,1,1,"43.63765184869755","2","1",False,False,100
"e805fae158a0","2025-10-13 02:23:05.557238+00","2025-10-13 02:23:29.910432+00","24.353194",22,1,1,1,"54.20233584145061","2","1",False,False,100
"93d5b774e7fd","2025-10-13 02:22:35.757408+00","2025-10-13 02:22:45.277825+00","9.520417",22,1,1,1,"138.64938899209983","2","1",False,False,100
"9dc02f93df44","2025-10-13 02:18:54.722261+00","2025-10-13 02:19:18.505634+00","23.783373",22,1,1,1,"55.50095858985183","2","1",False,False,100
"9b7c998e442e","2025-10-13 02:14:44.685519+00","2025-10-13 02:14:54.255667+00","9.570148",22,1,1,1,"137.9289014130189","2","1",False,False,100
"2b0242707717","2025-10-13 02:13:53.912668+00","2025-10-13 02:14:13.99034+00","20.077672",22,1,1,1,"65.7446739841153","2","1",False,False,100
"27a87f2f8dbf","2025-10-13 02:13:33.024701+00","2025-10-13 02:13:43.084297+00","10.059596",22,1,1,1,"131.21799324744254","2","1",False,False,100
"9952f8b5762c","2025-10-13 02:12:03.566987+00","2025-10-13 02:12:17.800812+00","14.233825",22,1,1,1,"92.7368433994376","2","1",False,False,100
"221f594159f5","2025-10-13 02:09:50.131699+00","2025-10-13 02:09:55.775949+00","5.644250",3,1,1,1,"31.890862382070246","2","1",False,False,60
"e35274340149","2025-10-13 02:07:14.464655+00","2025-10-13 02:07:28.424581+00","13.959926",22,1,1,1,"94.55637515557031","2","1",False,False,100
"0ac509327e99","2025-10-13 01:55:43.086528+00","2025-10-13 01:56:04.538587+00","21.452059",22,1,1,1,"61.532554986912906","1","1",False,False,100
"523978ba2c4c","2025-10-13 01:54:42.186704+00","2025-10-13 01:55:05.925492+00","23.738788",22,1,1,1,"55.60519770428044","1","1",False,False,100
"816543184da4","2025-10-13 01:52:55.419002+00","2025-10-13 01:53:11.109271+00","15.690269",22,1,1,1,"84.128576763088","1","1",False,False,100
"8ba406d1ffc0","2025-10-13 01:51:23.93394+00","2025-10-13 01:51:35.62264+00","11.688700",20,1,2,1,"102.66325596516293","1","1",False,False,100
"dd0fe8abb9be","2025-10-13 01:49:55.703906+00","2025-10-13 01:50:06.679838+00","10.975932",22,1,1,1,"120.26313574100132","1","1",False,False,100
"5e2d99efbff9","2025-10-13 01:49:46.572223+00","2025-10-13 01:50:02.426423+00","15.854200",20,1,2,1,"75.68972259716668","1","1",False,False,100
"9499565ece14","2025-10-13 01:49:00.07543+00","2025-10-13 01:49:14.400886+00","14.325456",22,1,1,1,"92.14366369908225","1","1",False,False,100
"9d3ff5c47d54","2025-10-13 01:48:41.947672+00","2025-10-13 01:48:51.801987+00","9.854315",20,1,2,1,"121.77406547284109","1","1",False,False,100
"6a42a137e493","2025-10-13 01:47:27.901792+00","2025-10-13 01:47:53.255045+00","25.353253",20,1,2,1,"47.331204402054446","1","1",False,False,100
"414e76183781","2025-10-13 01:05:14.90195+00","2025-10-13 01:05:35.555037+00","20.653087",20,1,2,1,"58.102694284878574","1","1",False,False,100
"10a34b4c1f0a","2025-10-13 01:04:35.584404+00","2025-10-13 01:04:51.728611+00","16.144207",20,1,2,1,"74.33006774504315","1","1",False,False,100
"cc7152bc8eb9","2025-10-13 00:58:59.693905+00","2025-10-13 00:59:16.617069+00","16.923164",22,1,1,1,"77.99959865661054","0","1",False,False,100
"6c655561f9a7","2025-10-13 00:39:32.584042+00","2025-10-13 00:42:34.188465+00","181.604423",11,1,0,0,"3.6342727181264745","0","1",False,False,60
"b93b41751338","2025-10-13 00:39:17.519077+00","2025-10-13 00:42:24.723497+00","187.204420",11,1,0,0,"3.525557783304475","0","1",False,False,60
"f435c1008dd0","2025-10-13 00:23:07.834914+00","2025-10-13 00:23:19.255299+00","11.420385",22,1,1,1,"115.58279339969712","0","1",False,False,100
"28c822a4495f","2025-10-12 23:21:58.892158+00","2025-10-12 23:22:19.355695+00","20.463537",20,1,2,5,"58.64088891377868","23","0",False,False,100
"29365917bda9","2025-10-12 23:05:38.636326+00","2025-10-12 23:06:30.046885+00","51.410559",11,3,0,0,"12.837829676195506","23","0",False,False,60
"e61876efe293","2025-10-12 22:37:18.054191+00","2025-10-12 22:37:20.636425+00","2.582234",13,4,0,0,"302.0640267303428","22","0",False,False,100
"e8fc025a7350","2025-10-12 22:31:38.624913+00","2025-10-12 22:31:47.439281+00","8.814368",20,1,2,5,"136.14135466093543","22","0",False,False,100
"a83b27a5081c","2025-10-12 22:15:24.818285+00","2025-10-12 22:15:36.941727+00","12.123442",20,1,2,5,"98.98179081485276","22","0",False,False,100
"b2c247477796","2025-10-12 21:33:17.579807+00","2025-10-12 21:33:24.89703+00","7.317223",5,4,1,0,"40.999160473857366","21","0",False,False,100
"635ba5ff28bc","2025-10-12 21:02:53.847128+00","2025-10-12 21:03:19.7071+00","25.859972",20,1,2,5,"46.40376254081017","21","0",False,False,100
"428e8b847443","2025-10-12 20:57:09.940461+00","2025-10-12 20:57:22.189144+00","12.248683",22,1,1,5,"107.7666880594428","20","0",False,False,100
"63058fb8bfec","2025-10-12 20:53:10.506225+00","2025-10-12 20:53:21.736513+00","11.230288",22,1,1,5,"117.53928305311493","20","0",False,False,100
"80b489551d58","2025-10-12 20:49:41.337393+00","2025-10-12 20:50:00.441728+00","19.104335",22,1,1,5,"69.09426577789804","20","0",False,False,100
"20a041d09ef9","2025-10-12 20:49:02.763924+00","2025-10-12 20:49:11.728021+00","8.964097",22,1,1,5,"147.25409597865797","20","0",False,False,100
"1d53ad65dd49","2025-10-12 20:48:18.852001+00","2025-10-12 20:48:26.503184+00","7.651183",22,1,1,5,"172.52234066287525","20","0",False,False,100
"3b0520f60b35","2025-10-12 20:36:27.317942+00","2025-10-12 20:36:47.958891+00","20.640949",22,1,1,5,"63.95054801017144","20","0",False,False,100
"2787cf8b49d4","2025-10-12 20:25:01.27571+00","2025-10-12 20:25:09.204171+00","7.928461",22,1,1,5,"166.48880533056794","20","0",False,False,100
"a35c3fbd024d","2025-10-12 20:24:23.340583+00","2025-10-12 20:24:47.607074+00","24.266491",20,1,2,5,"49.45090742621173","20","0",False,False,100
"a9bc3c59015b","2025-10-12 20:24:10.322031+00","2025-10-12 20:24:22.493011+00","12.170980",22,1,1,5,"108.45470126481186","20","0",False,False,100
"67e24dc18a42","2025-10-12 20:07:47.033219+00","2025-10-12 20:08:09.326502+00","22.293283",22,1,1,5,"59.210660000144436","20","0",False,False,100
"07534719ce26","2025-10-12 20:04:10.537249+00","2025-10-12 20:04:35.018622+00","24.481373",20,1,2,5,"49.01685865412859","20","0",False,False,100
"c651e71e3eec","2025-10-12 19:55:33.151232+00","2025-10-12 19:55:59.271139+00","26.119907",20,1,2,5,"45.9419706203395","19","0",False,False,100
"09461044da75","2025-10-12 19:48:50.499808+00","2025-10-12 19:49:05.056641+00","14.556833",22,1,1,5,"90.67906460148303","19","0",False,False,100
"99a5be17cf20","2025-10-12 19:42:51.066996+00","2025-10-12 19:43:18.891324+00","27.824328",22,1,1,5,"47.44049883253245","19","0",False,False,100
"dfd47cab1d8b","2025-10-12 19:35:54.058629+00","2025-10-12 19:36:18.141315+00","24.082686",22,1,1,5,"54.8111618446547","19","0",False,False,100
"8e0125b9ea05","2025-10-12 19:31:31.232823+00","2025-10-12 19:31:35.070894+00","3.838071",13,5,0,0,"203.22708985842104","19","0",False,False,100
"56ce23292f0d","2025-10-12 19:28:25.462405+00","2025-10-12 19:28:55.132458+00","29.670053",20,1,2,5,"40.44482158491594","19","0",False,False,100
"9757392e446f","2025-10-12 19:27:02.854521+00","2025-10-12 19:27:27.571588+00","24.717067",22,1,1,5,"53.40439462335883","19","0",False,False,100
"a22ab5a0e5a1","2025-10-12 19:25:46.095895+00","2025-10-12 19:26:13.726583+00","27.630688",22,1,1,5,"47.77296895393991","19","0",False,False,100
"a063a0269888","2025-10-12 19:25:38.361198+00","2025-10-12 19:25:46.333902+00","7.972704",22,1,1,5,"165.56490746426806","19","0",False,False,100
"2955af94e938","2025-10-12 18:41:19.618274+00","2025-10-12 18:41:41.294858+00","21.676584",22,1,1,5,"60.8952037830315","18","0",False,False,100
"b149a9f4d43d","2025-10-12 18:21:35.03449+00","2025-10-12 18:21:56.19703+00","21.162540",22,1,1,5,"62.374365269953415","18","0",False,False,100
"661627985b6e","2025-10-12 18:17:28.832901+00","2025-10-12 18:17:50.479748+00","21.646847",22,1,1,5,"60.97885756757092","18","0",False,False,100
"e5adfdba1694","2025-10-12 18:13:54.295178+00","2025-10-12 18:14:23.01957+00","28.724392",22,1,1,5,"45.95397528344551","18","0",False,False,100
"6c072a65edf6","2025-10-12 17:54:20.67565+00","2025-10-12 17:54:37.172235+00","16.496585",22,1,1,5,"80.01656100338343","17","0",False,False,100
"d0a2bd6c8a8c","2025-10-12 17:38:27.733824+00","2025-10-12 17:38:49.842939+00","22.109115",22,1,1,5,"59.703882312792715","17","0",False,False,100
"90c404d383a1","2025-10-12 17:35:16.68441+00","2025-10-12 17:35:36.569917+00","19.885507",22,1,1,5,"66.3800022800525","17","0",False,False,100
"d654dc9f01d0","2025-10-12 17:09:35.506725+00","2025-10-12 17:09:47.385477+00","11.878752",22,1,1,5,"111.12278461575762","17","0",False,False,100
"3471f7bf0dfd","2025-10-12 16:59:09.146758+00","2025-10-12 16:59:20.823723+00","11.676965",22,1,1,5,"113.04307240794162","16","0",False,False,100
"3df39db17adc","2025-10-12 16:58:50.526909+00","2025-10-12 16:59:22.857067+00","32.330158",22,1,1,5,"40.82875190402719","16","0",False,False,100
"846b49d64f95","2025-10-12 16:49:35.310556+00","2025-10-12 16:49:57.701329+00","22.390773",22,1,1,5,"58.952855267658684","16","0",False,False,100
"f36c643cac09","2025-10-12 16:44:30.286485+00","2025-10-12 16:44:58.189438+00","27.902953",22,1,1,5,"47.30682089454833","16","0",False,False,100
"250695a104a9","2025-10-12 16:35:27.704898+00","2025-10-12 16:35:32.914605+00","5.209707",22,1,1,5,"253.37317434550542","16","0",False,False,100
"3279cefd1d45","2025-10-12 16:24:42.261451+00","2025-10-12 16:25:03.0071+00","20.745649",22,1,1,5,"63.62779973767029","16","0",False,False,100
"df378587af81","2025-10-12 16:17:56.856962+00","2025-10-12 16:18:20.333188+00","23.476226",22,1,1,5,"56.227095445409326","16","0",False,False,100
"108edbab325a","2025-10-12 16:16:30.648489+00","2025-10-12 16:16:58.079891+00","27.431402",20,1,2,5,"43.74548555702694","16","0",False,False,100
"a5bcff7fbbf6","2025-10-12 16:09:45.822845+00","2025-10-12 16:10:07.050338+00","21.227493",22,1,1,5,"62.18350890517311","16","0",False,False,100
"3c6237ca80b2","2025-10-12 15:59:08.159276+00","2025-10-12 15:59:19.876085+00","11.716809",22,1,1,5,"112.65865987915309","15","0",False,False,100
"b37d48547246","2025-10-12 15:55:53.593859+00","2025-10-12 15:55:57.976022+00","4.382163",22,1,1,5,"301.22110930150245","15","0",False,False,100
"f369d213ee42","2025-10-12 15:53:56.876044+00","2025-10-12 15:54:07.066711+00","10.190667",22,1,1,5,"129.53028491658102","15","0",False,False,100
"4755a7092289","2025-10-12 15:49:30.032654+00","2025-10-12 15:49:53.276426+00","23.243772",22,1,1,5,"56.78940578147127","15","0",False,False,100
"2e5b708e030f","2025-10-12 15:38:22.236932+00","2025-10-12 15:38:26.484656+00","4.247724",22,1,1,5,"310.75465355093695","15","0",False,False,100
"ad15dad3a108","2025-10-12 15:07:48.888541+00","2025-10-12 15:09:18.018757+00","89.130216",8,1,2,5,"5.3853790727939","15","0",False,False,100
"94081e51ddf4","2025-10-12 15:04:13.753954+00","2025-10-12 15:04:31.57414+00","17.820186",20,1,2,5,"67.33936447127992","15","0",False,False,100
"a1b5dc06ec1f","2025-10-12 15:02:46.059593+00","2025-10-12 15:03:05.226252+00","19.166659",22,1,1,5,"68.8695927652284","15","0",False,False,100
"69cd1123822f","2025-10-12 14:47:13.572188+00","2025-10-12 14:47:47.95809+00","34.385902",20,1,2,5,"34.89802303281153","14","0",False,False,100
"4a6f3c108ec4","2025-10-12 14:38:01.377903+00","2025-10-12 14:38:22.781732+00","21.403829",22,1,1,5,"61.67120845527218","14","0",False,False,100
"7f2a7329669b","2025-10-12 12:22:33.144096+00","2025-10-12 12:22:58.345039+00","25.200943",22,1,1,5,"52.37899232580305","12","0",False,False,100
"5651e322cacc","2025-10-12 11:33:11.912195+00","2025-10-12 11:33:34.248729+00","22.336534",22,1,1,5,"59.09600836011531","11","0",False,False,100
"37ba09e5502c","2025-10-12 11:32:49.801174+00","2025-10-12 11:33:16.143899+00","26.342725",22,1,1,5,"50.10871122862194","11","0",False,False,100
"9f7a0e300c49","2025-10-12 10:47:52.456613+00","2025-10-12 10:47:55.804643+00","3.348030",13,5,0,0,"232.97282282416822","10","0",False,False,100
"2c51fbfc67ef","2025-10-12 09:54:00.892006+00","2025-10-12 09:56:27.061937+00","146.169931",11,5,0,0,"4.515292546727685","9","0",False,False,60
"0b0154a408e3","2025-10-12 09:48:32.404718+00","2025-10-12 09:49:52.774082+00","80.369364",16,1,1,5,"11.944850030168212","9","0",False,False,100
"65a47f1c847e","2025-10-12 09:41:44.218224+00","2025-10-12 09:42:07.888542+00","23.670318",22,1,1,5,"55.7660442077711","9","0",False,False,100
"937f42bc5c59","2025-10-12 09:40:08.321102+00","2025-10-12 09:40:32.414783+00","24.093681",20,1,2,5,"49.80559010472497","9","0",False,False,100
"aedaa9333f29","2025-10-12 09:26:03.518579+00","2025-10-12 09:26:32.797072+00","29.278493",22,1,1,5,"45.08428763734527","9","0",False,False,100
"6837075d02bb","2025-10-12 09:22:40.737514+00","2025-10-12 09:23:00.222494+00","19.484980",22,1,1,5,"67.7444883186947","9","0",False,False,100
"d195cdf34796","2025-10-12 09:20:36.068931+00","2025-10-12 09:20:59.213846+00","23.144915",22,1,1,5,"57.03196576872285","9","0",False,False,100
"6661795595d9","2025-10-12 09:19:45.702592+00","2025-10-12 09:20:06.346869+00","20.644277",20,1,2,5,"58.12748976387015","9","0",False,False,100
"d8d472bec2d2","2025-10-12 09:18:42.534893+00","2025-10-12 09:19:10.618787+00","28.083894",22,1,1,5,"47.002028992133354","9","0",False,False,100
"65a0997e08bc","2025-10-12 08:57:12.317703+00","2025-10-12 08:57:34.151024+00","21.833321",20,1,2,5,"54.961863108228016","8","0",False,False,100
"58d34be5637c","2025-10-12 07:26:17.445731+00","2025-10-12 07:26:34.879179+00","17.433448",22,1,1,5,"75.71651918771319","7","0",False,False,100
"a799c49b399a","2025-10-12 07:21:18.687816+00","2025-10-12 07:21:29.661945+00","10.974129",20,1,2,5,"109.34808584808872","7","0",False,False,100
"5c4f4412678e","2025-10-12 07:17:44.838413+00","2025-10-12 07:18:00.594547+00","15.756134",22,1,1,5,"83.77689603299896","7","0",False,False,100
"95e3b966cae0","2025-10-12 07:14:34.40709+00","2025-10-12 07:14:46.432988+00","12.025898",22,1,1,5,"109.76311290849132","7","0",False,False,100
"ed890305539b","2025-10-12 07:11:30.483507+00","2025-10-12 07:11:43.25135+00","12.767843",22,1,1,5,"103.38472990308543","7","0",False,False,100
"c9c24b568908","2025-10-12 07:06:50.034996+00","2025-10-12 07:07:08.26581+00","18.230814",20,1,2,5,"65.82262316976083","7","0",False,False,100
"ded5730522ac","2025-10-12 07:05:10.872692+00","2025-10-12 07:05:26.881215+00","16.008523",22,1,1,5,"82.45607667865424","7","0",False,False,100
"29ee4c23ff12","2025-10-12 07:00:53.068319+00","2025-10-12 07:01:01.27849+00","8.210171",22,1,1,5,"160.7761884618481","7","0",False,False,100
"c69271b363ac","2025-10-12 06:59:26.424348+00","2025-10-12 06:59:31.22003+00","4.795682",22,1,1,5,"275.24760816084137","6","0",False,False,100
"7c2422a61f44","2025-10-12 06:58:28.560116+00","2025-10-12 06:58:41.65799+00","13.097874",20,1,2,5,"91.61792211468824","6","0",False,False,100
"144406b95491","2025-10-12 06:56:38.368004+00","2025-10-12 06:56:46.648487+00","8.280483",22,1,1,5,"159.41099088060443","6","0",False,False,100
"e2067623e19e","2025-10-12 06:56:38.335453+00","2025-10-12 06:56:57.746979+00","19.411526",22,1,1,5,"68.00083620422217","6","0",False,False,100
"cb5477e7c912","2025-10-12 06:55:59.235046+00","2025-10-12 06:56:10.82902+00","11.593974",22,1,1,5,"113.85224772800076","6","0",False,False,100
"3d7cd7a0dd69","2025-10-12 06:55:14.255255+00","2025-10-12 06:55:27.423136+00","13.167881",22,1,1,5,"100.24391927600196","6","0",False,False,100
"c1966713d6d5","2025-10-12 06:53:58.812248+00","2025-10-12 06:54:10.384+00","11.571752",22,1,1,5,"114.070885722404","6","0",False,False,100
"31234bfe3ea4","2025-10-12 06:53:13.225564+00","2025-10-12 06:53:23.781993+00","10.556429",22,1,1,5,"125.04228465895048","6","0",False,False,100
"521ce66b1f49","2025-10-12 06:52:02.307605+00","2025-10-12 06:52:20.608228+00","18.300623",22,1,1,5,"72.12869201228833","6","0",False,False,100
"bb39a6eaa35b","2025-10-12 06:51:33.693217+00","2025-10-12 06:51:55.060669+00","21.367452",20,1,2,5,"56.16018231841588","6","0",False,False,100
"6cb3193b28c9","2025-10-12 06:50:38.37232+00","2025-10-12 06:50:48.676144+00","10.303824",22,1,1,5,"128.10777823844816","6","0",False,False,100
"5e72491c6583","2025-10-12 06:50:14.695006+00","2025-10-12 06:50:26.475203+00","11.780197",22,1,1,5,"112.0524554894965","6","0",False,False,100
"6cdebfa70804","2025-10-12 06:47:52.622411+00","2025-10-12 06:48:09.995186+00","17.372775",20,1,2,5,"69.07359359687787","6","0",False,False,100
"4cac0f421077","2025-10-12 06:39:33.435503+00","2025-10-12 06:40:03.162498+00","29.726995",22,1,1,5,"44.40408457027022","6","0",False,False,100
"50225a3eb60b","2025-10-12 05:08:28.456759+00","2025-10-12 05:08:54.927782+00","26.471023",22,1,1,5,"49.8658476478223","5","0",False,False,100
"50f5926cd298","2025-10-12 04:46:06.657859+00","2025-10-12 04:46:38.308225+00","31.650366",22,1,1,5,"41.70567885376112","4","0",False,False,100
"fbd7e41c8852","2025-10-12 04:28:21.906574+00","2025-10-12 04:28:38.786426+00","16.879852",20,1,2,5,"71.09067070019334","4","0",False,False,100
"d791afd5cb32","2025-10-12 04:20:14.742315+00","2025-10-12 04:20:20.415468+00","5.673153",22,1,1,5,"232.6748458925751","4","0",False,False,100
"175729f5b77b","2025-10-12 04:09:52.017964+00","2025-10-12 04:10:02.056552+00","10.038588",20,1,2,5,"119.53872397193709","4","0",False,False,100
"576fb91a765b","2025-10-12 03:52:59.944954+00","2025-10-12 03:53:06.768539+00","6.823585",20,1,2,5,"175.8606363077473","3","0",False,False,100
"fd326e16d008","2025-10-12 03:52:07.826005+00","2025-10-12 03:52:24.887425+00","17.061420",22,1,1,5,"77.36753447251166","3","0",False,False,100
"88ffdb89615b","2025-10-12 03:48:34.985002+00","2025-10-12 03:48:59.31706+00","24.332058",20,1,2,5,"49.31765327864992","3","0",False,False,100
"0bb3bd7f4d10","2025-10-12 03:06:24.864322+00","2025-10-12 03:06:29.101399+00","4.237077",22,1,1,5,"311.5355231920496","3","0",False,False,100
"72106ca3c076","2025-10-12 03:04:33.285274+00","2025-10-12 03:05:11.931425+00","38.646151",22,1,1,5,"34.1560534708877","3","0",False,False,100
"bc24d277724f","2025-10-12 03:01:38.276211+00","2025-10-12 03:01:55.602497+00","17.326286",22,1,1,5,"76.18482114401205","3","0",False,False,100
"761c4c7d5942","2025-10-12 02:51:27.150091+00","2025-10-12 02:51:29.68576+00","2.535669",13,5,0,0,"307.61112747760063","2","0",False,False,100
"8c3b8da7a54c","2025-10-12 02:49:00.372591+00","2025-10-12 02:49:20.300206+00","19.927615",22,1,1,5,"66.23973817238038","2","0",False,False,100
"34b9d3ebf58e","2025-10-12 02:47:48.236191+00","2025-10-12 02:47:55.360201+00","7.124010",3,1,1,5,"25.266668631852003","2","0",False,False,60
"a731e7e36021","2025-10-12 02:44:27.433333+00","2025-10-12 02:44:33.488159+00","6.054826",3,1,1,5,"29.728352226802222","2","0",False,False,60
"9b2b8579014b","2025-10-12 02:41:00.871238+00","2025-10-12 02:44:02.266037+00","181.394799",3,1,1,5,"0.9923107001540877","2","0",False,False,60
"a2c92d32e574","2025-10-12 02:39:16.414621+00","2025-10-12 02:39:24.454093+00","8.039472",3,1,1,5,"22.389530058690422","2","0",False,False,60
"1e4fdc5d779b","2025-10-12 02:32:35.82348+00","2025-10-12 02:32:41.779789+00","5.956309",3,1,1,5,"30.220057421466887","2","0",False,False,60
"25359b036605","2025-10-12 02:22:49.927941+00","2025-10-12 02:22:55.991148+00","6.063207",3,1,1,5,"29.68725956412176","2","0",False,False,60
"eef7d62cea37","2025-10-12 02:20:12.909575+00","2025-10-12 02:20:22.452448+00","9.542873",3,1,1,5,"18.86224410615126","2","0",False,False,60
"0d5761b97a8e","2025-10-12 02:19:20.012115+00","2025-10-12 02:19:24.712651+00","4.700536",3,1,1,5,"38.29350525131602","2","0",False,False,60
"fbe7d9250244","2025-10-12 02:19:03.077451+00","2025-10-12 02:19:09.530383+00","6.452932",3,1,1,5,"27.894296732090154","2","0",False,False,60
"67482ef47679","2025-10-12 02:15:17.604047+00","2025-10-12 02:15:22.243731+00","4.639684",3,1,1,5,"38.79574557232777","2","0",False,False,60
"77f55904696f","2025-10-12 02:11:31.727528+00","2025-10-12 02:11:37.732828+00","6.005300",3,1,1,5,"29.97352338767422","2","0",False,False,60
"14b73b5848bb","2025-10-12 02:05:00.550264+00","2025-10-12 02:05:07.852503+00","7.302239",3,1,1,5,"24.649973795708412","2","0",False,False,60
"41c751967437","2025-10-12 02:04:26.454925+00","2025-10-12 02:04:34.176129+00","7.721204",3,1,1,5,"23.312426403964977","2","0",False,False,60
"5751101db3af","2025-10-12 02:02:18.89422+00","2025-10-12 02:02:24.792482+00","5.898262",3,1,1,5,"30.517464297109893","2","0",False,False,60
"8f6a6172e049","2025-10-12 02:00:42.609676+00","2025-10-12 02:00:47.268017+00","4.658341",3,1,1,5,"38.640365743941885","2","0",False,False,60
"9807d90983bd","2025-10-12 01:55:05.053574+00","2025-10-12 01:55:07.635593+00","2.582019",13,4,0,0,"302.0891790494183","1","0",False,False,100
"ca67427949b9","2025-10-12 01:54:02.9678+00","2025-10-12 01:54:08.953375+00","5.985575",3,1,1,5,"30.07229881840926","1","0",False,False,60
"0ac43bfb1447","2025-10-12 01:52:05.953258+00","2025-10-12 01:52:15.760423+00","9.807165",3,1,1,5,"18.353927970009682","1","0",False,False,60
"3a3b724921f1","2025-10-12 01:06:49.427409+00","2025-10-12 01:06:58.236878+00","8.809469",3,1,1,5,"20.43255955608675","1","0",False,False,60
"7b3e91ebde83","2025-10-12 00:43:42.676745+00","2025-10-12 00:44:02.84993+00","20.173185",22,1,1,5,"65.43339586684007","0","0",False,False,100
"90d68a1f7907","2025-10-12 00:17:37.803102+00","2025-10-12 00:17:48.150827+00","10.347725",20,1,2,5,"115.96751943059948","0","0",False,False,100
"4e4ca2a9cea0","2025-10-12 00:13:43.846461+00","2025-10-12 00:13:48.620962+00","4.774501",20,1,2,5,"251.335165706322","0","0",False,False,100
"468a6252b444","2025-10-12 00:04:52.152686+00","2025-10-12 00:05:02.375045+00","10.222359",20,1,2,5,"117.38973362215121","0","0",False,False,100
"37ca23c87196","2025-10-11 23:37:45.694314+00","2025-10-11 23:37:59.380361+00","13.686047",20,1,2,5,"87.68054062652277","23","6",False,False,100
"1a43be48469d","2025-10-11 23:35:31.701924+00","2025-10-11 23:35:41.107733+00","9.405809",20,1,2,5,"127.58073229001354","23","6",False,False,100
"d624b00c6133","2025-10-11 23:31:22.453944+00","2025-10-11 23:31:40.224303+00","17.770359",20,1,2,5,"67.52817993153656","23","6",False,False,100
"6bfd26f5ea69","2025-10-11 23:13:06.363448+00","2025-10-11 23:13:30.290546+00","23.927098",20,1,2,5,"50.15234191793756","23","6",False,False,100
"20699cca77bf","2025-10-11 22:54:48.071718+00","2025-10-11 22:55:08.233018+00","20.161300",20,1,2,5,"59.51997143041371","22","6",False,False,100
"cecf87119b50","2025-10-11 22:53:31.231633+00","2025-10-11 22:53:40.057229+00","8.825596",20,1,2,5,"135.96815444532018","22","6",False,False,100
"f6df75141115","2025-10-11 22:53:05.677889+00","2025-10-11 22:53:21.361306+00","15.683417",20,1,2,5,"76.51393825720506","22","6",False,False,100
"15348768f0e4","2025-10-11 22:48:38.471908+00","2025-10-11 22:49:02.033676+00","23.561768",22,1,1,5,"56.0229605859798","22","6",False,False,100
"a1fce351e058","2025-10-11 22:48:02.456072+00","2025-10-11 22:48:13.397168+00","10.941096",22,1,1,5,"120.64604862255116","22","6",False,False,100
"eb2710254d28","2025-10-11 22:44:11.530487+00","2025-10-11 22:44:20.641698+00","9.111211",22,1,1,5,"144.87646043978128","22","6",False,False,100
"c7c4cc46aea6","2025-10-11 22:38:19.981618+00","2025-10-11 22:38:46.358382+00","26.376764",22,1,1,5,"50.04404634321329","22","6",False,False,100
"37163e4ce0fe","2025-10-11 22:35:28.577426+00","2025-10-11 22:35:55.507797+00","26.930371",22,1,1,5,"49.01529206560132","22","6",False,False,100
"957454eeac65","2025-10-11 22:32:42.233039+00","2025-10-11 22:32:50.685697+00","8.452658",3,1,1,5,"21.295076649262278","22","6",False,False,60
"f25a4432b6b6","2025-10-11 22:29:33.179+00","2025-10-11 22:29:42.231065+00","9.052065",3,1,1,5,"19.884965474728695","22","6",False,False,60
"cbb3bec9cda4","2025-10-11 22:26:21.069689+00","2025-10-11 22:29:25.472856+00","184.403167",10,4,0,0,"3.253740213691666","22","6",False,False,100
"fe114d209d1a","2025-10-11 22:25:26.7653+00","2025-10-11 22:25:53.075637+00","26.310337",20,1,2,5,"45.60945000438421","22","6",False,False,100
"a29b48cef227","2025-10-11 22:22:17.424841+00","2025-10-11 22:22:20.900369+00","3.475528",3,1,1,5,"51.79069194666249","22","6",False,False,60
"e761254a98a3","2025-10-11 22:22:00.727445+00","2025-10-11 22:22:07.46767+00","6.740225",3,1,1,5,"26.705339955268556","22","6",False,False,60
"dd73f22d47ab","2025-10-11 22:21:37.066347+00","2025-10-11 22:21:45.454262+00","8.387915",3,1,1,5,"21.45944492761312","22","6",False,False,60
"90cf0904f36b","2025-10-11 22:21:27.140809+00","2025-10-11 22:21:35.830419+00","8.689610",3,1,1,5,"20.71439339625139","22","6",False,False,60
"069bdfe51e63","2025-10-11 22:17:17.638985+00","2025-10-11 22:17:22.210438+00","4.571453",3,1,1,5,"39.37478959096812","22","6",False,False,60
"3bdb9fb4ee73","2025-10-11 22:14:38.809677+00","2025-10-11 22:14:48.755937+00","9.946260",3,1,1,5,"18.09725464647013","22","6",False,False,60
"649326644d41","2025-10-11 22:14:08.601034+00","2025-10-11 22:14:21.844073+00","13.243039",3,1,1,5,"13.592046357335352","22","6",False,False,60
"823da3bc90a2","2025-10-11 21:57:36.895414+00","2025-10-11 21:57:48.31222+00","11.416806",3,1,1,5,"15.766230940597572","21","6",False,False,60
"39715496967e","2025-10-11 21:57:07.138733+00","2025-10-11 21:57:11.036128+00","3.897395",3,1,1,5,"46.18469516176831","21","6",False,False,60
"85953f9ba75f","2025-10-11 21:46:37.070141+00","2025-10-11 21:46:42.917204+00","5.847063",3,1,1,5,"30.784686260435368","21","6",False,False,60
"939855c02e9f","2025-10-11 21:45:52.800004+00","2025-10-11 21:45:56.338558+00","3.538554",3,1,1,5,"50.868236008267786","21","6",False,False,60
"9e40dc98c49f","2025-10-11 21:43:06.866334+00","2025-10-11 21:43:15.68913+00","8.822796",3,1,1,5,"20.40169578895398","21","6",False,False,60
"46200129d8a4","2025-10-11 21:42:24.934868+00","2025-10-11 21:45:27.390795+00","182.455927",22,1,1,5,"7.2346238442558235","21","6",False,False,100
"cffbb0c598d1","2025-10-11 21:15:03.284121+00","2025-10-11 21:15:14.99182+00","11.707699",22,1,1,5,"112.74632188613664","21","6",False,False,100
"3d1b8f613709","2025-10-11 21:12:39.180177+00","2025-10-11 21:12:43.27413+00","4.093953",22,1,1,5,"322.42675966236055","21","6",False,False,100
